3428 4912
264 312 330 376 134
793 330 916 379 roras.

330 503 396 553 XIV
408 504 439 553 41
458 503 589 553 ultionem
601 503 724 553 elusums
736 503 790 553 and
801 503 917 565 perhaps
928 516 950 551 c.
966 502 1023 552 339
1039 501 1129 551 iorum
1145 502 1297 565 ingressuri,
1311 504 1400 553 where
1416 518 1464 556 see

330 591 401 635 note.
439 585 546 635 Vahlen
560 586 673 635 defends
685 586 730 634 the
750 586 804 635 MS.
820 585 932 648 reading
948 585 984 646 by
996 584 1092 647 taking
1105 585 1218 647 adeptus
1235 586 1263 633 in
1281 586 1328 635 the
1344 600 1421 637 sense
1433 588 1462 637 oi

334 674 453 717 ‘summo
466 669 572 732 ingenio
584 683 615 718 ac
627 682 734 717 summa
745 667 873 718 facultate
886 667 1042 729 praeditus‚'
1061 667 1111 716 but
1128 667 1239 729 adipisci
1255 681 1337 718 never
1348 669 1397 719 has
1407 670 1465 721 this

330 751 456 813 meaning
468 751 495 799 in
508 751 624 799 Tacitus.
664 751 712 801 See
725 752 789 799 Lex.
805 752 867 799 Tac.
881 764 902 799 s.
918 764 941 800 v.

305 867 477 928 levioribus
496 867 657 927 subsistis:
680 866 800 926 0111111
823 864 945 925 similar
966 884 1097 944 passage
1117 866 1150 924 in
1165 866 1272 936 Quint.
1290 868 1307 926 I
1322 886 1460 945 prooem.

262 966 302 1024 20
325 984 398 1024 nam
421 971 470 1024 est
491 972 575 1025 certe
594 964 716 1042 aliquid
733 972 950 1024 consummata
965 965 1147 1042 eloquentia
1162 1011 1168 1025 .
1186 1011 1192 1024 .
1210 1011 1217 1024 .
1234 966 1331 1026 altius
1353 973 1461 1028 tamen

262 1065 354 1123 ibunt
377 1064 432 1142 qni
454 1066 495 1124 ad
516 1084 638 1124 summa
656 1065 800 1124 nitentur
818 1084 912 1143 quam
928 1065 983 1141 qni
999 1110 1006 1123 .
1023 1110 1030 1123 .
1047 1110 1053 1123 .
1071 1064 1155 1124 circa
1169 1066 1233 1125 ima
1248 1065 1458 1127 substiterint

262 1165 328 1223 The
352 1166 585 1224 abandonment
600 1164 635 1223 of
656 1165 710 1223 the
732 1165 830 1241 figure
845 1184 910 1223 was
928 1165 1081 1242 probably
1096 1165 1156 1224 due
1171 1169 1205 1224 to
1220 1165 1274 1225 the
1290 1166 1461 1244 preceding

262 1264 418 1337 ‘summa'
434 1265 538 1323 which
560 1264 587 1323 is
608 1264 792 1341 equivalent
807 1270 840 1323 to
856 1263 943 1323 ‘mox
958 1283 1112 1323 summam
1127 1264 1326 1341 eloquentiae
1342 1266 1460 1324 famam

261 1365 394 1441 adeptus
418 1364 451 1422 in
472 1364 644 1423 levioribus
667 1364 782 1423 studiis
808 1370 862 1448 (sc.
884 1362 1030 1441 poeticis)
1055 1362 1211 1423 subsistis,
1257 1364 1305 1425 cf.
1322 1383 1347 1424 c.
1364 1365 1404 1424 28
1428 1376 1459 1423 11

262 1482 341 1540 quae
360 1469 415 1547 (sc.
431 1463 525 1542 vitia)
542 1469 633 1522 natos
649 1509 655 1522 .
673 1509 680 1522 .
698 1509 704 1522 .
722 1463 886 1540 excipiunt
900 1468 932 1523 et
948 1508 954 1521 .
972 1508 979 1523 .
997 1508 1003 1522 .
1021 1462 1222 1523 cumulantur
1235 1464 1275 1523 32
1290 1474 1331 1522 20.

302 1563 340 1621 21
368 1568 405 1623 ut
423 1563 451 1623 si
469 1562 648 1624 moesias
664 1563 700 1636 if,
715 1563 758 1641 by
773 1582 843 1640 way
858 1562 893 1620 of
910 1562 1073 1640 example!
1119 1562 1253 1640 Usually
1263 1564 1407 1640 :quasi,
1423 1582 1460 1623 as

261 1662 295 1720 in
309 1682 333 1721 c.
352 1663 425 1721 109
448 1663 644 1722 r1.132.62
667 1663 749 1721 Α1111.
767 1662 857 1720 1120
880 1663 932 1720 III
955 1664 1003 1721 46.
1050 1662 1088 1719 In
1109 1663 1180 1721 Tac.
1205 1662 1364 1741 regularly
1379 1663 1460 1722 with

261 1761 386 1838 imperf.
410 1781 445 1820 or
466 1761 602 1839 pluperf.
627 1761 708 1838 subj.
726 1762 780 1838 cp.
798 1762 851 1819 Dr.
870 1763 910 1818 H.
927 1761 957 1820 S.
975 1761 1460 1823 11642.-1ndicras···artss

260 1879 421 1923 exercere:
446 1861 617 1920 ‘Ludicrae
632 1862 736 1934 artes,'
756 1880 790 1920 as
806 1861 930 1920 defined
944 1860 986 1938 by
1003 1860 1073 1920 Seu.
1091 1861 1148 1938 Ep.
1166 1862 1216 1936 88,
1232 1862 1282 1935 20,
1298 1880 1350 1921 are
1365 1862 1458 1922 those

261 1961 358 2038 ‘quae
382 1961 422 2020 ad
437 1960 633 2037 voluptatem
649 1961 809 2019 oculorum
831 1966 926 2037 atque
942 1959 1066 2019 aurium
1080 1960 1237 2031 tendunt,'
1252 1961 1315 2020 and
1329 1979 1364 2020 as
1379 1961 1460 2020 such

260 2061 338 2139 they
352 2080 406 2120 are
421 2060 560 2137 opposed
575 2065 608 2118 to
624 2059 725 2118 ‘artes
740 2059 911 2118 honestae!
956 2059 1004 2120 Cf.
1020 2058 1088 2117 also
1110 2060 1181 2118 Tae.
1205 2059 1287 2118 Ann.
1311 2060 1392 2120 XIV
1407 2059 1459 2119 15.

260 2161 348 2220 More
365 2160 541 2237 commonly
558 2159 656 2218 ‘artes
673 2158 827 2218 ludicrae'
843 2158 944 2217 refers
961 2164 995 2216 to
1011 2158 1065 2217 the
1088 2158 1196 2218 drama
1216 2177 1242 2218 e.
1260 2178 1287 2235 g.
1304 2160 1375 2218 Tac.
1392 2158 1414 2217 l.
1431 2179 1457 2219 c.

259 2259 388 2319 foedum
410 2259 551 2319 studium
577 2259 700 2318 cithara
725 2258 881 2318 ludicrum
907 2258 941 2316 iu
966 2259 1092 2317 modum
1118 2276 1229 2317 canere
1252 2257 1326 2318 ibid.
1355 2259 1395 2319 16
1418 2279 1458 2318 ne

259 2366 365 2418 tamen
380 2359 518 2418 ludicrae
534 2364 660 2417 tautum
683 2356 882 2434 imperatoris
900 2363 955 2440 (sc.
973 2357 1123 2434 Neronis)
1140 2363 1224 2416 artes
1246 2364 1456 2418 notescerent.

259 2459 336 2517 Hor.
360 2460 417 2536 Ep.
441 2459 477 2516 II
500 2459 528 2531 l,
545 2459 605 2517 180
628 2458 697 2517 Liv.
714 2458 779 2518 VII
800 2458 818 2514 2
841 2456 946 2526 Quint.
964 2456 1063 2527 1116,
1081 2457 1119 2515 18
1136 2456 1158 2515 f.
1180 2463 1280 2515 artem
1302 2456 1459 2516 ludicram

259 2557 442 2616 exorauerit.

300 2657 339 2715 22
362 2657 528 2718 honestum
540 2662 602 2718 est:
622 2658 694 2715 Tac.
706 2655 788 2714 Ann.
802 2656 882 2715 XIV
897 2656 936 2713 14
946 2693 968 2700 -
977 2656 1024 2715 16.
1036 2655 1076 2713 20
1087 2654 1109 2714 f.
1126 2654 1249 2714 reflects
1264 2655 1320 2715 the
1334 2655 1457 2733 typical

258 2758 381 2815 Roman
404 2755 493 2833 point
515 2755 550 2814 of
571 2755 660 2814 view.
706 2755 755 2815 011
779 2755 833 2813 the
856 2754 993 2813 attitude
1019 2754 1054 2813 of
1075 2754 1130 2812 the
1153 2754 1283 2828 Greeks,
1299 2754 1340 2814 cf.
1362 2757 1456 2817 Corn.

257 2857 375 2933 Nepos,
392 2856 496 2914 Praei.
519 2854 618 2914 Nulla
636 2854 865 2914 Lacedaemoni
881 2860 945 2912 tam
968 2859 1017 2912 est
1039 2853 1156 2913 nobilis
1172 2854 1268 2913 vidua
1289 2873 1369 2931 quae
1391 2874 1456 2914 non

258 2956 290 3014 in
317 2973 424 3013 cenam
451 2960 502 3013 eat
528 2955 669 3013 mercede
696 2954 857 3012 conducta.
913 2953 1040 3029 Magnis
1066 2952 1100 3011 in
1125 2952 1272 3012 laudibus
1298 2960 1367 3013 tota
1391 2954 1459 3014 fuit

258 3054 390 3114 Graecia
418 3054 569 3112 victorem
599 3053 764 3131 Olympiae
794 3050 893 3111 citari.
944 3053 982 3111 In
1005 3071 1149 3112 scaenam
1172 3071 1245 3111 vero
1267 3052 1393 3128 prodire
1422 3060 1458 3112 et

256 3153 373 3231 populo
395 3171 463 3212 esse
487 3153 665 3230 spectaculo
689 3152 808 3210 nemini
832 3152 865 3209 in
886 3152 987 3211 isdem
1002 3151 1149 3228 gentibus
1172 3151 1236 3210 fuit
1250 3151 1455 3229 turpitudini,

256 3272 335 3330 quae
362 3253 468 3311 omnia
491 3252 575 3330 apud
600 3271 656 3310 nos
683 3251 800 3328 partim
827 3251 969 3325 infamia,
996 3251 1112 3329 partim
1135 3250 1269 3310 humilia
1293 3258 1388 3328 atque
1415 3252 1456 3311 ab

256 3353 421 3411 honestate
445 3358 565 3410 remota
587 3357 754 3428 ponuntur.
800 3351 841 3410 iel.
865 3351 1010 3427 13001111
1034 3350 1149 3409 scimus
1172 3351 1313 3409 musicen
1335 3351 1456 3410 nostris

256 3452 394 3511 moribus
418 3452 525 3510 abesse
550 3470 569 3509 a
591 3450 743 3528 principis
769 3469 923 3528 persona;
951 3450 1065 3509 saltare
1087 3469 1171 3523 vero,
1188 3450 1283 3509 etiarn
1307 3450 1340 3509 iu
1364 3450 1455 3512 vitiis

256 3552 329 3627 poni
347 3575 353 3608 z
376 3570 455 3628 quae
471 3551 577 3609 omnia
592 3551 675 3627 apud
693 3552 828 3611 Graecos
845 3557 877 3609 et
899 3550 1002 3625 gratia
1017 3556 1049 3609 et
1067 3549 1158 3609 laude
1174 3550 1271 3626 digna
1285 3550 1454 3610 ducuntur.

255 3651 319 3712 Cic.
336 3652 426 3709 Tusc.
444 3650 532 3725 Disp.
558 3650 574 3706 I
596 3652 661 3721 2,4
684 3669 724 3708 au
748 3668 920 3722 censeruuS,
944 3650 970 3708 si
993 3650 1091 3708 Fabio
1113 3648 1309 3708 nobilissimo
1331 3650 1454 3709 homini

256 3750 341 3808 laudi
357 3750 464 3808 datum
480 3756 564 3807 esset
574 3751 657 3827 quod
674 3752 830 3828 pingeret,
842 3770 903 3809 11011
921 3751 1035 3810 multos
1048 3751 1143 3809 etiam
1156 3751 1239 3828 aprul
1255 3770 1311 3810 1103
1327 3751 1455 3812 futuros

256 3848 428 3926 Polyclitos
443 3856 475 3907 et
490 3850 675 3911 Parrhasios
694 3852 792 3910 fnisse
808 3856 824 3910 ‘r'
846 3853 956 3910 Honos
972 3852 1030 3910 alit
1050 3858 1143 3917 artes,
1160 3871 1330 3928 omnesque
1351 3850 1455 3910 incen-

255 3949 373 4007 duntur
396 3949 435 4006 ad
459 3951 564 4010 studia
585 3953 692 4027 gloria,
711 3953 875 4030 iacentque
899 3973 936 4012 ea
959 3972 1082 4029 semper
1104 3972 1183 4030 qnae
1206 3953 1289 4030 apud
1312 3971 1453 4031 quosque

255 4048 473 4124 improbantur
497 4054 574 4111 Hor.
586 4055 643 4130 Ep.
659 4055 694 4112 II
711 4055 738 4115 1.
755 4056 795 4112 03
811 4055 842 4111 ff.
859 4060 896 4112 ut
916 4053 1051 4129 primum
1068 4052 1181 4130 positis
1192 4051 1303 4126 nugari
1321 4052 1455 4112 Graecia

255 4149 347 4208 hellis
368 4151 372 4211 l
391 4154 494 4230 coepit
511 4160 543 4213 ei·
558 4155 589 4212 in
607 4154 720 4213 vitium
737 4154 866 4211 fortuna
887 4151 987 4211 labier
1002 4169 1109 4228 aequa.
1132 4150 1135 4233 l
1155 4168 1238 4209 nunc
1260 4149 1452 4210 athletarum

256 4254 380 4313 studiis.
398 4273 479 4312 nune
504 4254 582 4312 arsit
607 4272 766 4330 equorum.
784 4251 947 4311 marmoris
971 4257 1026 4310 aut
1048 4250 1150 4309 eboris
1174 4249 1279 4308 fabros
1296 4254 1352 4308 aut
1371 4249 1453 4308 aeris

256 4352 384 4425 amavit,
406 4351 598 4434 {suspendit
620 4351 705 4428 picta
721 4351 840 4409 voltum
863 4356 1062 4426 mentemque
1084 4348 1202 4408 tabella
1221 4348 1225 4432 Ι
1245 4366 1327 4408 1111110
1350 4347 1454 4407 tibici-
