3450 4912
506 262 532 299 ..Ι

854 329 883 381 c.
904 330 944 380 aa
1124 306 1127 314 '
1428 311 1493 375 249

205 564 211 575 ,
304 492 308 499 ’
337 506 358 564 4
380 507 476 584 plura
493 507 586 566 omisi
607 525 633 566 e.
650 525 678 582 g.
695 505 728 564 in
743 505 831 565 Verr.
849 506 884 563 II
900 506 929 577 4,
945 506 985 563 43
1001 514 1062 563 ext.
1080 523 1251 581 numquam
1267 509 1330 562 tam
1348 504 1429 561 male
1445 509 1493 561 est

301 604 412 665 Siculis
428 605 507 683 quin
530 605 652 683 aliquid
678 605 780 665 facete
805 612 837 664 01
860 605 1020 664 commode
1045 604 1173 663 dicant:
1204 603 1292 662 velut
1317 602 1351 661 in
1374 602 1432 662 hac
1460 622 1491 661 re

300 705 423 764 aiebant
438 705 472 763 15
486 705 609 764 labores
626 704 776 764 Herculis
792 724 856 763 non
871 704 975 762 minus
992 703 1075 762 hunc
1090 703 1354 762 immanissimum
1370 722 1492 761 verrem

301 823 391 882 quam
413 804 505 863 illum
529 824 640 881 aprum
663 803 909 882 Erymanthium
934 803 1046 862 referri
1071 811 1217 879 oportere
1236 804 1265 874 4,
1282 803 1330 873 24,
1348 803 1387 861 53
1411 803 1494 879 quod

298 923 445 981 umquam
471 950 477 962 .
495 949 502 962 .
520 949 526 962 .
545 903 676 964 huiusce
699 903 783 962 modi
808 903 1016 962 everriculum
1034 948 1039 960 .
1057 949 1063 960 .
1081 948 1087 959 .
1106 901 1169 960 fuit
1185 948 1191 959 .
1209 948 1215 959 .
1234 946 1240 959 .
1258 902 1336 978 quid
1359 901 1493 960 facimus

298 1005 331 1062 15
353 1005 452 1063 Verre
479 1022 572 1082 quem
601 1003 635 1061 in
663 1003 732 1062 luto
757 1002 935 1061 volutatum
1048 1001 1236 1060 invenimus.
1292 1002 1415 1077 Fragm.
1443 1020 1492 1078 ap.

299 1103 403 1173 Quint.
420 1103 468 1162 VI
492 1103 521 1177 3,
537 1103 577 1162 55
599 1109 635 1161 51
653 1103 759 1162 omnia
780 1107 919 1161 verreret
943 1102 1057 1161 Verres
1100 1101 1184 1159 1151.
1203 1100 1265 1160 Cio.
1290 1103 1308 1159 1
1324 1102 1356 1159 τί
1367 1099 1492 1179 Ἰουδαίῳ

296 1206 367 1280 πρὸς
381 1211 481 1282 χοῖρον
502 1202 521 1260 i.
538 1220 563 1260 e.
581 1201 657 1279 quid
672 1202 809 1261 Iudaeus
825 1220 895 1260 cum
911 1219 1009 1259 verre.
1055 1200 1087 1258 It
1102 1219 1174 1276 may
1189 1200 1227 1259 be
1244 1199 1408 1258 remarhed
1423 1200 1494 1259 that

297 1303 385 1378 Aper
400 1301 504 1378 might
524 1301 603 1360 have
619 1301 719 1360 found
739 1320 833 1379 many
849 1300 993 1377 apposite
1010 1299 1221 1358 illustratione
1237 1299 1272 1358 of
1286 1299 1494 1358 ‘scurrilitas’

296 1400 334 1458 iu
347 1420 428 1460 none
444 1401 536 1459 other
550 1400 629 1459 thau
644 1401 771 1461 Cassius
788 1401 922 1459 Severus
939 1399 1077 1458 himself.
1124 1399 1178 1476 Cp.
1190 1398 1310 1458 Robert
1324 1399 1345 1457 I.
1358 1418 1382 1458 c.
1400 1419 1429 1475 p.
1443 1400 1493 1458 44.

291 1500 416 1561 —scla
433 1502 593 1561 miramur
610 1504 706 1578 atque
729 1501 929 1576 exprimunt:
960 1500 1007 1560 cf.
1038 1499 1145 1569 Quint.
1171 1499 1202 1557 X
1228 1500 1258 1571 2,
1284 1499 1323 1556 18
1346 1517 1494 1557 noveram

293 1600 451 1675 quosdam
467 1600 522 1677 qui
541 1618 574 1659 se
590 1598 720 1677 pulchre
743 1599 936 1676 expressisse
952 1618 1049 1674 genus
1072 1598 1153 1657 illud
1175 1597 1320 1656 caelestis
1343 1597 1437 1656 huius
1461 1598 1494 1656 in

292 1698 432 1758 (licendo
443 1698 506 1757 viri
520 1698 581 1758 sihi
592 1698 784 1771 viderentur,
796 1698 824 1757 si
840 1698 1027 1757 1501550515
1042 1697 1238 1774 posuissent:
1255 1714 1323 1755 esse
1338 1697 1492 1756 videatur.

291 1798 350 1857 (15
369 1799 423 1857 150
439 1798 524 1858 force
540 1799 575 1857 of
596 1809 696 1875 atque,
716 1798 807 1875 ‘they
822 1798 990 1874 faithfully
1005 1817 1085 1875 eopy
1100 1797 1188 1855 these
1204 1795 1313 1872 things
1336 1796 1369 1854 15
1391 1816 1495 1856 00500-

288 1916 418 1974 quence
433 1899 468 1957 of
481 1898 566 1957 their
580 1898 771 1957 admiration
787 1898 837 1956 for
852 1898 959 1970 them,’
976 1916 1028 1955 see
1044 1903 1117 1955 note
1132 1915 1157 1955 c.
1174 1897 1193 1953 4
1212 1904 1236 1953 3.

343 1999 361 2056 5
383 2014 482 2076 genus
500 1998 680 2058 homiuum:
712 1997 750 2055 Iu
769 1997 823 2056 the
848 1997 962 2055 second
986 1996 1112 2072 partos
1134 1996 1188 2053 the
1211 1995 1344 2067 Annals,
1366 1996 1493 2055 Tacitus

281 2110 371 2155 15000
387 2115 485 2172 genus
500 2097 681 2155 mortalium
699 2102 737 2178 (e.
751 2116 779 2172 g.
795 2096 882 2155 XIII
898 2097 938 2154 50
960 2096 1040 2154 XIV
1055 2095 1094 2154 21
1110 2095 1188 2153 XVI
1206 2095 1270 2172 13),
1287 2115 1314 2170 g.
1331 2094 1492 2153 homiuum

282 2211 408 2254 occurs
424 2197 464 2254 H.
483 2196 554 2254 122
570 2196 596 2256 V
614 2196 633 2255 3
649 2197 711 2254 aud
727 2194 809 2253 Arm.
827 2195 874 2253 IV
889 2196 937 2253 30.

349 2293 544 2369 significasse
572 2296 757 2353 contentus:
804 2294 852 2354 On
879 2303 1032 2351 carucatas
1058 2293 1135 2351 with
1161 2292 1329 2367 infinitive,
1354 2295 1394 2353 cf.
1420 2300 1494 2354 note

280 2408 329 2451 Q.
353 2394 391 2452 18
419 2394 628 2471 13.—utique
644 2398 813 2453 versantur
830 2398 905 2453 5510
922 2392 1044 2452 oculos:
1076 2391 1142 2449 The
1171 2410 1256 2450 same
1286 2392 1400 2469 phrase
1430 2413 1493 2452 uas

277 2493 377 2551 used
391 2493 432 2569 hy
448 2493 535 2568 Aper
549 2511 574 2552 e.
592 2493 631 2551 16
648 2500 687 2550 19.

347 2591 364 2648 1
394 2589 554 2649 Lucilium
578 2606 634 2666 pro
656 2592 791 2652 Horatio
810 2596 841 2652 01
859 2592 1041 2652 Lucretium
1054 2608 1109 2667 pro
1127 2591 1289 2668 Vergilio:
1320 2591 1370 2652 Cf.
1386 2591 1492 2661 Quint.

275 2681 333 2747 3(
348 2690 374 2761 1,
390 2691 430 2749 93
445 2689 468 2748 f.
512 2689 655 2749 Lucilius
671 2691 823 2767 quosdam
840 2689 885 2748 ita
900 2690 1024 2749 deditos
1040 2690 1099 2748 sihi
1113 2689 1214 2748 adhuc
1230 2690 1325 2749 habet
1339 2696 1494 2750 amatores

271 2794 337 2845 lu
358 2808 428 2849 eum
454 2808 517 2848 non
541 2788 681 2848 ciusdem
707 2789 799 2847 modo
826 2788 929 2865 operis
956 2788 1134 2848 auctoribus
1161 2794 1199 2871 (e.
1214 2810 1241 2864 g.
1270 2790 1407 2867 Horace)
1439 2791 1494 2850 sed

271 2887 443 2946 omnibus
458 2888 560 2965 poetis
573 2889 733 2966 praeferre
749 2907 811 2946 non
827 2888 981 2946 dubitent.
1026 2888 1055 2945 Α
1067 2889 1249 2964 preference
1263 2888 1312 2947 for
1328 2890 1494 2950 Lucretius

270 2997 373 3045 over
388 2987 492 3063 Virgii
506 2987 534 3046 is
550 2987 619 3046 still
631 2988 745 3047 shared
759 2986 801 3065 by
817 3007 911 3066 many
927 2988 1055 3046 modern
1071 2987 1221 3049 scholars.
1267 2988 1315 3048 cf.
1332 2989 1399 3049 also
1415 2991 1492 3049 Hor.

271 3073 356 3162 Ep.
373 3086 408 3144 II
425 3087 453 3159 1,
470 3088 510 3146 64
526 3086 558 3145 ff.
604 3088 674 3146 Seu.
697 3088 756 3165 Ep.
773 3088 844 3161 114,
868 3088 907 3147 13
929 3086 1023 3146 multi
1047 3107 1085 3146 ex
1109 3087 1212 3146 alieno
1234 3088 1360 3146 saeculo
1382 3095 1496 3166 501551

269 3185 402 3258 verba,
413 3186 579 3246 duodecim
587 3186 713 3246 tabulas
722 3186 904 3264 loquuntur,
919 3187 1077 3247 Gracchus
1092 3187 1157 3245 illis
1170 3180 1202 3246 11
1214 3188 1345 3247 Crassus
1358 3195 1389 3246 et
1400 3189 1495 3248 Curio

265 3284 392 3345 bimis
408 3285 487 3344 culti
502 3291 535 3345 et
549 3292 692 3346 recentes
707 3292 803 3345 sunt:
826 3286 866 3344 ad
883 3286 1022 3363 Appium
1039 3306 1137 3363 usque
1153 3288 1240 3346 etad
1263 3288 1494 3348 Coruncanium

262 3386 430 3444 redeunt
458 3385 500 3444 id.
513 3404 562 3462 55.
577 3385 657 3446 Gell.
671 3386 739 3444 XII
755 3387 774 3443 2
790 3385 927 3445 admiror
939 3385 1215 3463 eloquentissimos
1229 3386 1313 3444 viros
1325 3391 1357 3445 01
1369 3386 1494 3446 deditos

261 3470 400 3544 Ennio
422 3504 480 3563 pro
503 3485 631 3563 optimis
655 3485 789 3544 ridicula
809 3484 977 3544 laudasse.
995 3531 1001 3544 .
1019 3530 1025 3544 .
1043 3485 1170 3562 quidam
1194 3492 1277 3555 suut,
1297 3486 1411 3563 inquit,
1428 3491 1493 3544 tam

258 3584 402 3662 mgni
424 3603 535 3643 005050
551 3585 586 3655 Q.
602 3584 700 3643 Ennii
721 3590 758 3643 ut
779 3584 855 3644 licet
877 3584 988 3660 scripti
1011 3583 1076 3643 0151
1098 3582 1182 3643 inter
1204 3584 1353 3657 51500000,
1371 3584 1494 3662 possint

258 3676 402 3743 tamen
425 3683 510 3743 inter
532 3689 743 3760 unguentatos
766 3682 889 3761 placere
929 3684 1015 3742 Pers
1039 3681 1057 3741 Ι
1077 3683 1117 3742 16
1138 3681 1172 3742 ff.
1188 3690 1238 3742 001
1263 3703 1345 3743 5550
1369 3684 1493 3743 Βι·10501

260 3792 387 3861 quem
417 3802 552 3843 venosus
581 3783 662 3843 Iiber
691 3782 880 3866 1111110551
908 3800 987 3860 quos
1015 3780 1236 3859 Pacuviusque
1265 3789 1298 3841 et
1327 3802 1493 3843 verrucosa

262 3882 619 3966 1505015115511055
647 3883 805 3942 aerumnis
830 3902 883 3942 cor
906 3881 1108 3941 luctificabile
1135 3866 1225 3940 fulta*
1261 3883 1355 3941 Mart.
1379 3882 1428 3941 XI
1452 3883 1491 3942 90

259 3983 435 4042 earmina
459 3982 549 4041 nulla
577 3983 689 4060 probas
719 3982 807 4042 molli
834 4001 913 4060 quae
942 3982 1044 4041 limite
1069 3987 1201 4041 currunt
1220 3980 1224 4065 1
1243 3981 1298 4041 sed
1328 4000 1406 4059 quae
1435 4001 1492 4059 per

264 4083 434 4143 salebras
459 4083 585 4161 altaque
612 4102 689 4143 saxa
712 4081 904 4165 0501551101
933 4081 993 4141 1151
1024 4081 1170 4141 51500510
1200 4100 1324 4158 quoquc
1353 4081 1491 4141 carmine

263 4182 394 4242 maius
418 4182 731 4267 5550155115001101
751 4182 1001 4247 00155011511010
1022 4181 1094 4239 sitvi’
1111 4183 1334 4257 Metrophanes,
1355 4180 1359 4262 1
1379 4180 1492 4239 attoni-

266 4274 409 4360 tusque
423 4280 504 4358 legis
520 4286 617 4342 terra'i
630 4281 808 4360 frupisera'i
831 4279 993 4364 (Ennius),
1013 4277 1017 4365 1
1038 4279 1152 4339 Accius
1171 4286 1204 4339 01
1218 4280 1373 4357 quidquid
1395 4280 1491 4339 Pacu·
