3428 4912
812 338 841 388 c.
864 340 902 389 ro.
1381 320 1445 384 211

256 510 303 572 0n
324 509 552 589 ‘principium’
576 511 617 570 cf.
640 511 866 586 Q.1V1,1ff.
911 510 1013 573 Causa
1033 511 1183 589 principii
1205 511 1294 572 nulle
1315 511 1378 572 alia
1399 517 1451 571 est

256 628 347 687 quarn
369 615 407 669 ut
425 609 611 684 auditorem,
628 629 690 686 quo
705 610 749 670 sit
764 610 855 670 nobis
870 610 904 669 in
919 610 1033 671 ceteris
1049 610 1192 688 partibus
1210 610 1448 685 accomodatior,

252 728 471 786 praeparemus
494 709 527 769 id
549 708 618 768 fieri
642 754 649 768 .
675 754 706 770 ..
730 715 853 769 constet
875 709 903 769 si
925 709 1120 784 benevolum,
1137 710 1449 782 attentum,docilem

258 807 432 868 fecerimus.
478 808 545 868 The
567 813 649 867 term
671 808 698 868 is
721 815 777 868 not
798 808 925 887 strictly
947 826 1161 887 synonymous
1184 808 1263 867 with
1286 809 1449 869 exordium

260 911 305 990 (or
318 905 538 985 prooemium),
554 907 675 984 though
690 907 781 966 often
803 927 838 968 so
859 908 946 982 used,
963 908 1013 967 for
1034 909 1088 967 the
1110 908 1206 967 latter
1220 925 1284 968 was
1307 908 1349 987 by
1364 927 1451 969 some

258 1005 384 1066 divided
402 1005 472 1067 into
487 1011 550 1066 two
565 1011 662 1084 parts,
679 1005 906 1084 'principium'
929 1008 993 1068 and
1015 1006 1225 1067 ‘insinuatio’
1269 1008 1317 1069 cf.
1341 1008 1448 1079 Quint.

258 1105 304 1166 IV
317 1105 347 1179 1,
362 1107 411 1165 42.
429 1109 447 1165 7
450 1106 479 1178 6,
492 1106 554 1165 and
573 1105 607 1165 in
622 1105 749 1182 general
765 1107 856 1167 Auct.
874 1107 914 1166 ad
939 1107 1015 1167 Her.
1033 1107 1085 1165 14
1101 1106 1216 1167 Cicde
1233 1106 1296 1166 inv.
1314 1107 1331 1166 Ι
1348 1108 1451 1168 15-18

258 1204 388 1279 Piderit,
401 1204 463 1266 cic.
481 1205 519 1264 de
534 1210 612 1264 orat.
630 1206 757 1265 Eialcit.
774 1226 803 1284 p.
821 1206 861 1266 65
873 1206 895 1265 f.

297 1303 337 1362 12
359 1304 598 1365 narrationum:
634 1302 701 1362 The
730 1304 878 1373 miratio,
898 1304 1041 1383 διήγησις,
1064 1304 1189 1382 usually
1219 1304 1368 1365 followed
1396 1305 1451 1365 the

258 1401 473 1480 ‘praeparatio
489 1401 658 1479 principii)
703 1401 751 1462 Cf.
768 1402 874 1472 Quint.
892 1402 939 1461 IV
954 1404 982 1476 2,
999 1404 1016 1462 1
1041 1403 1175 1462 maxime
1191 1403 1336 1463 naturale
1356 1410 1454 1464 estet

258 1500 325 1561 lieri
348 1500 606 1578 frequentissime
630 1500 734 1575 debet,
757 1507 793 1560 ut
816 1507 1003 1578 praeparato
1106 1502 1218 1576 iudice,
1243 1521 1303 1576 res,
1328 1503 1367 1564 de
1391 1523 1455 1582 qua

258 1601 519 1678 pronuntiaturus
534 1605 592 1675 est,
609 1599 788 1659 indicetur:
812 1600 888 1660 haec
903 1606 952 1659 est
973 1600 1113 1660 narratio
1135 1603 1174 1663 28
1191 1620 1247 1662 nos
1263 1602 1352 1663 ducit
1366 1603 1454 1663 sohc

258 1699 358 1760 larum
381 1700 574 1760 consuetudo
596 1699 630 1757 in
652 1699 766 1778 quibus
788 1706 875 1759 certa
892 1701 1046 1777 quaedam
1068 1707 1300 1778 ponuntur...
1319 1702 1452 1780 ideoque

258 1801 416 1878 prooemio
430 1799 571 1859 narratio
586 1817 709 1877 semper
724 1798 926 1875 subiungitur
943 1801 981 1859 31
999 1800 1138 1860 narratio
1154 1801 1265 1861 estrei
1280 1801 1383 1861 factae
1398 1808 1455 1862 aut

258 1904 294 1958 ut
318 1899 422 1959 factae
446 1898 538 1958 utilis
563 1899 604 1959 ad
633 1898 883 1977 persuadendum
910 1900 1069 1976 expositio
1094 1902 1291 1978 sqq—ulte
1315 1903 1454 1979 repetite

259 2000 353 2060 series
384 1998 405 2058 i.
423 2017 448 2057 e.
479 1998 582 2058 either
610 1997 715 2076 prolix
743 1998 938 2076 expositions
973 1999 1013 2058 ab
1041 2018 1109 2073 ovo,
1139 2019 1175 2059 or
1203 2000 1347 2077 episodes
1377 2001 1453 2079 only

259 2097 411 2176 remotely
426 2097 597 2158 connected
612 2097 691 2156 with
705 2097 760 2156 the
775 2097 865 2175 point
885 2104 918 2157 at
940 2097 1034 2172 issue,
1050 2117 1090 2157 on
1106 2098 1210 2158 which
1224 2099 1265 2159 cf.
1282 2099 1389 2170 Quint.
1406 2100 1453 2159 IV

258 2198 288 2271 3,
302 2197 342 2257 25
364 2197 457 2256 Hanc
479 2202 601 2274 partem
622 2198 801 2275 παρέκβασιν
821 2203 935 2256 vocant
957 2198 1079 2271 Graeci,
1096 2198 1204 2257 Latini
1220 2217 1378 2275 egressum
1400 2199 1452 2259 vel

259 2295 515 2374 egressionem..
533 2342 539 2354 .
562 2303 599 2356 ut
619 2296 689 2356 laus
709 2296 872 2355 hominum
887 2296 1097 2375 locorumque,
1112 2304 1149 2357 ut
1170 2297 1341 2376 descriptio
1356 2299 1453 2376 regio

259 2415 343 2470 num,
353 2395 510 2473 expositio
533 2395 728 2472 quarundam
744 2415 847 2454 rerum
867 2403 1028 2472 gestarum
1049 2396 1100 2455 vel
1126 2397 1223 2456 etiam
1238 2397 1452 2457 fabulosarum

260 2514 327 2574 sqq.
372 2495 431 2555 See
446 2495 513 2554 also
530 2495 593 2556 Cic.
610 2495 648 2554 de
664 2501 741 2554 orat.
759 2495 878 2568 11124,
894 2497 931 2556 91
957 2514 1106 2572 quorsum
1122 2495 1220 2573 igitur
1238 2497 1314 2557 haec
1330 2503 1455 2576 spectat

261 2600 324 2654 tam
338 2594 434 2671 longa
447 2600 480 2654 et
494 2600 560 2654 tarn
574 2594 639 2653 alte
655 2594 792 2671 repetita
812 2594 944 2654 oratio?
966 2595 1004 2654 de
1020 2595 1079 2672 leg.
1097 2597 1113 2654 1
1132 2598 1161 2669 6,
1178 2597 1216 2656 18
1239 2597 1303 2656 alte
1326 2616 1399 2657 vero
1421 2604 1455 2656 et

260 2700 296 2753 ut
308 2700 434 2773 oportet
449 2713 468 2754 a
482 2694 586 2771 capite
601 2694 718 2771 repetis
735 2695 818 2771 quod
836 2694 1016 2770 quaerimus
1053 2695 1091 2754 de
1106 2695 1170 2754 inv.
1188 2697 1269 2770 120,
1286 2698 1325 2756 28
1348 2697 1453 2757 brevis

261 2799 309 2853 est
328 2793 469 2854 narratio
484 2793 511 2852 si
527 2812 590 2852 non
610 2793 649 2853 ab
670 2793 784 2852 ultimo
805 2794 968 2870 repetitur.
982 2793 1081 2855 -On
1096 2795 1161 2854 this
1176 2814 1231 2855 use
1247 2795 1282 2854 of
1303 2796 1396 2856 ‘alte'
1419 2796 1455 2854 iu

261 2893 397 2967 Tacitus,
414 2912 465 2953 see
481 2899 554 2952 note
569 2913 594 2952 c.
613 2894 651 2952 1¹2
669 2902 708 2952 18.

361 3009 583 3059 ‘Narrationum'
603 3010 630 3058 ln
642 3009 718 3072 place
730 3009 760 3058 oi
779 3010 976 3071 ‘narrationis’
997 3011 1207 3060 isnecessitated
1218 3012 1254 3074 by
1266 3011 1312 3060 the
1328 3013 1456 3076 meaning

325 3092 355 3142 oi
374 3093 489 3142 ‘series’
508 3092 562 3143 and
574 3093 611 3154 by
623 3092 668 3142 the
679 3092 793 3154 stylistic
805 3099 955 3155 symmetry
968 3093 1123 3142 observable
1136 3094 1165 3142 in
1176 3094 1222 3143 the
1234 3095 1427 3144 enumeration.

302 3193 340 3250 14
363 3191 537 3253 multorum
556 3192 749 3253 divisionum
767 3193 955 3253 ostentatio:
979 3192 1027 3252 On
1043 3191 1189 3251 ‘divisio’
1205 3211 1240 3251 or
1254 3193 1394 3269 partitis,
1411 3194 1452 3253 cf.

262 3290 353 3350 Rhet.
370 3291 411 3351 ad
433 3290 510 3350 Her.
528 3291 644 3364 110,r
668 3291 840 3352 Causarum
862 3290 978 3350 divisio
1000 3291 1033 3348 in
1055 3291 1133 3350 duas
1155 3297 1260 3368 partes
1282 3292 1456 3352 distributa

260 3396 316 3464 est,
333 3389 469 3468 primum
490 3396 636 3468 perorata
656 3389 837 3449 narratione
853 3390 1002 3449 debemus
1025 3390 1156 3467 aperire,
1173 3391 1250 3468 quid
1271 3391 1361 3451 nobis
1384 3411 1456 3451 con-

261 3489 369 3549 veniat
383 3508 453 3550 cum
468 3489 659 3549 adversariis
674 3495 707 3548 et
722 3489 749 3548 si
764 3508 801 3548 ea
816 3508 896 3566 quae
918 3489 1014 3548 utilia
1035 3489 1124 3548 nobis
1140 3495 1233 3549 erunt
1255 3491 1452 3564 convenient,

261 3589 336 3667 quid
359 3589 393 3647 in
418 3588 633 3648 controversia
658 3588 749 3647 nobis
775 3588 982 3666 relinquatur,
1009 3588 1123 3647 deinde
1152 3589 1375 3650 distributione
1404 3592 1453 3650 uti

261 3688 430 3764 debemus;
453 3707 491 3748 ea
504 3688 660 3748 dividitur
675 3688 707 3746 in
729 3688 808 3760 duas
829 3694 945 3766 partes,
961 3689 1229 3747 emrmerationem
1252 3697 1284 3748 et
1305 3691 1456 3767 expositi-

260 3806 359 3848 onem.
398 3787 672 3847 Over—elaborated
683 3787 837 3846 divisione
853 3786 916 3846 and
928 3787 1142 3846 subdivisions
1159 3807 1211 3847 are
1223 3787 1290 3847 also
1301 3791 1455 3851 censured

262 3886 294 3945 in
308 3893 419 3964 strong
433 3893 531 3946 terms
546 3886 588 3965 by
603 3887 709 3957 Quint.
727 3887 807 3946 IV5
837 3905 862 3945 e.
880 3906 908 3962 g.
928 3889 942 3954 §
959 3887 999 3944 24
1016 3886 1037 3944 f.
1062 3905 1118 3945 nec
1140 3886 1297 3947 immerito
1318 3889 1455 3949 multum

262 4005 299 4046 ex
314 3986 482 4064 diligentia
497 3986 656 4064 partiendi
671 3984 748 4045 tulit
761 3985 866 4045 laudis
882 3985 916 4054 Q.
935 3985 1135 4057 Hortensius,
1152 3986 1240 4045 cuius
1255 3993 1361 4046 tamen
1377 3988 1456 4047 divi·

262 4085 380 4146 sionem
397 4085 430 4145 in
445 4086 561 4162 digitos
578 4086 738 4145 diductam
753 4104 988 4161 nonnumquam
1005 4085 1113 4146 Cicero
1127 4085 1242 4145 leviter·
1257 4086 1358 4146 eludit
1372 4094 1410 4172 (e.
1425 4109 1454 4165 g.

219 4267 222 4274 Ι
262 4202 317 4262 pro
340 4186 428 4248 (laec.
455 4186 505 4260 14,
526 4186 652 4264 45)...
671 4184 801 4244 vitanda
824 4184 934 4261 utique
959 4184 1094 4243 maxime
1118 4185 1243 4245 concisa
1265 4185 1398 4245 nimium
1422 4194 1457 4247 et

262 4284 349 4345 velut
363 4283 535 4344 articulosa
549 4282 681 4361 partitio
697 4328 703 4342 .
720 4328 727 4342 .
746 4328 752 4342 .
776 4289 812 4381 et.
830 4283 924 4342 huius
947 4282 1065 4359 gloriae
1087 4283 1204 4361 cupidi,
1220 4303 1281 4361 quo
1304 4285 1456 4345 subtilius
