3428 4912
364 295 427 359 xlii
825 311 1107 362 raoaaoouaun.

363 485 418 545 the
445 484 663 563 111013131131,79
686 505 727 545 011
752 487 806 544 1113
836 486 973 545 irksome
1003 485 1162 562 necessity
1187 484 1223 544 of
1251 483 1480 560 remembering
1504 483 1560 543 the

364 604 508 662 emperor
530 585 563 644 in
585 583 703 658 wills,⁸⁰
724 585 834 663 legacy
855 582 1127 661 hunting,⁸¹—all
1148 584 1274 662 display
1296 583 1350 643 the
1372 589 1442 642 true
1457 582 1561 642 'color

364 685 533 759 Taciteus,'
548 704 582 744 as
598 685 769 744 evidenced
785 685 826 763 by
841 684 974 765 parallel
990 702 1138 762 passages
1155 683 1189 742 in
1203 683 1253 742 his
1269 683 1382 742 works.

407 785 445 842 In
458 785 508 843 his
521 785 682 858 fondness,
696 784 816 863 finally,
828 785 879 845 for
890 783 1109 863 crystallising
1123 783 1360 862 psychological
1370 783 1432 843 and
1444 782 1561 842 ethioal

364 883 542 943 reflections
564 903 599 943 or
621 883 749 961 general
769 884 874 944 truths
893 884 926 942 in
947 884 1078 961 pointed
1092 885 1233 962 epigram
1248 884 1310 943 and
1325 883 1561 942 well-balanced

364 984 550 1058 antitheses,
566 984 621 1043 the
643 983 756 1043 author
774 984 810 1043 of
830 984 885 1043 the
907 984 1060 1060 Dialogus
1083 984 1303 1044 reveals—ex
1317 1002 1421 1060 ungue
1437 983 1561 1043 leonem

363 1084 469 1142 —the
484 1083 566 1142 keen
580 1083 721 1161 analytic
736 1084 884 1143 observes
904 1103 939 1143 so
958 1083 1031 1143 well
1053 1082 1168 1142 known
1190 1088 1224 1142 to
1244 1101 1283 1143 us
1305 1083 1387 1142 from
1409 1082 1464 1142 the
1487 1082 1561 1142 His·

364 1183 461 1243 tories
477 1183 540 1243 and
554 1182 609 1243 the
625 1182 784 1243 Annals⁸²

762 1381 804 1465 (c)
836 1383 981 1458 Literary
1006 1382 1168 1440 0111101301.

407 1530 474 1590 The
489 1530 642 1606 Dialogus
657 1549 722 1589 was
739 1530 868 1589 written
889 1530 966 1607 bya
987 1549 1060 1588 man
1082 1529 1241 1607 equipped
1262 1529 1341 1588 with
1363 1547 1382 1588 a
1403 1529 1561 1605 thorough

365 1630 535 1690 rhetorical
560 1629 710 1705 training,
737 1629 800 1688 and
829 1629 996 1706 possessed
1022 1628 1057 1688 of
1082 1648 1101 1687 a
1125 1628 1206 1688 wide
1231 1627 1417 1704 knowledge
1443 1628 1478 1687 of
1506 1629 1561 1688 the

365 1729 617 1789 characteristica
632 1727 667 1787 of
681 1729 804 1787 Roman
819 1728 989 1805 eloquence
1005 1729 1067 1787 and
1083 1728 1125 1786 its
1141 1727 1270 1807 history.
1316 1728 1350 1785 If
1371 1746 1414 1801 so,
1433 1747 1491 1787 can
1514 1747 1561 1787 we

366 1834 467 1889 asseri
492 1829 572 1887 with
596 1827 775 1888 confidence
800 1828 872 1887 that
897 1828 951 1887 the
977 1827 1134 1886 historian
1159 1827 1288 1887 Tacitus
1314 1846 1378 1886 was
1404 1826 1561 1905 similarly

365 1927 517 2005 qualified
530 1927 573 2005 by
588 1926 714 1986 natural
729 1927 928 1986 endowment
943 1927 1006 1986 and
1023 1926 1164 2002 training
1186 1931 1219 1985 to
1242 1926 1331 1985 write
1353 1926 1408 1985 the
1430 1926 1561 1986 treatise

365 2027 470 2086 which
484 2027 541 2086 has
557 2046 642 2086 come
658 2027 750 2085 down
764 2027 866 2086 under
879 2026 930 2084 his
946 2044 1037 2085 name
1052 2026 1114 2085 and
1128 2025 1233 2085 which
1250 2025 1419 2084 otherwise
1437 2024 1561 2085 reflecte

410 2193 432 2226 ⁷⁹
443 2208 465 2243 c.
482 2194 513 2243 19
525 2203 545 2243 3.
864 2192 885 2224 ⁸⁰
897 2206 919 2241 c.
937 2191 967 2240 13
985 2197 1038 2240 ext.
1372 2191 1393 2224 ⁸¹
1405 2205 1427 2241 c.
1442 2192 1458 2240 6
1471 2201 1492 2241 3.

411 2276 432 2309 ⁸²
443 2291 466 2325 e.
476 2290 499 2337 g.
515 2290 537 2325 c.
553 2276 566 2324 1
580 2274 632 2324 sis.
653 2279 684 2324 ut
701 2280 749 2324 aut
766 2274 799 2323 de
818 2275 931 2336 ingeniis
948 2274 1018 2323 male
1037 2274 1246 2323 existimandum
1257 2273 1301 2334 sit,
1320 2273 1343 2322 si
1361 2273 1433 2322 idem
1451 2274 1563 2337 misequl

366 2373 421 2408 non
439 2372 580 2421 possumus
598 2364 645 2408 aut
663 2358 697 2406 de
717 2357 828 2418 iudiciis,
848 2358 872 2406 si
890 2356 1016 2407 nolumus
1041 2358 1099 2407 811
1115 2357 1225 2406 divitiae
1244 2363 1272 2406 et
1290 2370 1354 2418 opes
1371 2370 1438 2419 quas
1457 2356 1563 2406 facilius

367 2442 487 2491 invenies
504 2441 550 2503 qui
567 2441 701 2503 vituperet
718 2455 798 2503 quam
817 2441 862 2503 qui
880 2441 1002 2490 fastidiat
1033 2442 1088 2490 103
1106 2440 1253 2489 mediocres
1270 2446 1363 2502 poetas
1380 2453 1460 2489 nemo
1477 2441 1561 2501 novit,

367 2527 452 2575 bonos
463 2524 543 2587 pauci
566 2525 597 2573 12
609 2519 635 2571 '12
652 2538 764 2573 aureum
780 2524 917 2573 saeculum
935 2530 963 2572 et
980 2531 1117 2573 oratorum
1135 2530 1163 2572 et
1179 2524 1323 2573 eriminum
1338 2523 1423 2586 inops,
1439 2525 1525 2587 poetis
1536 2530 1565 2574 et

366 2609 473 2659 vatibus
491 2607 647 2657 abundabat
664 2608 710 2670 qui
726 2609 795 2656 bene
813 2607 886 2656 iacta
903 2613 1031 2656 canerent
1047 2621 1101 2655 non
1118 2607 1164 2669 qui
1176 2606 1245 2655 male
1258 2607 1375 2656 admissa
1387 2607 1566 2657 defenderent

368 2692 399 2741 13
412 2701 436 2741 11
448 2706 497 2741 1130
510 2691 705 2754 imperantibus
715 2704 844 2753 umquam
856 2691 921 2740 satis
932 2690 1002 2739 servi
1014 2690 1140 2739 videntur
1151 2703 1201 2739 nec
1217 2691 1295 2739 nobis
1312 2691 1378 2740 satis
1396 2690 1473 2740 liberi
1497 2692 1528 2740 18
1540 2699 1566 2741 11

367 2788 417 2824 nec
434 2775 526 2824 statim
543 2774 661 2823 deterius
678 2787 734 2822 esse
752 2773 824 2836 quod
842 2773 977 2822 diversum
995 2779 1044 2833 est,
1058 2773 1124 2822 vitio
1138 2779 1228 2822 autem
1242 2773 1417 2836 malignitatis
1429 2774 1565 2825 humanae

367 2865 459 2907 vetera
469 2871 575 2920 semper
587 2858 614 2906 111
626 2857 714 2917 laude,
728 2857 881 2919 praesentia
892 2857 920 2906 in
933 2856 1040 2906 fastidio
1053 2871 1110 2906 esse
1124 2861 1176 2918 (333
1195 2859 1268 2905 Ann.
1285 2857 1311 2905 ll
1326 2857 1358 2905 88
1371 2857 1441 2906 cited
1453 2857 1488 2907 ad
1500 2857 1564 2925 loc.)

367 2942 397 2990 21
417 2950 442 2989 13
458 2954 514 2989 non
533 2940 626 2989 melius
644 2954 724 3003 quam
744 2940 838 2990 Cicero
856 2940 903 2988 sed
922 2940 1026 2989 felicius
1043 2940 1107 3003 quia
1127 2939 1186 2988 illos
1203 2939 1299 2989 fecisse
1318 2941 1457 3002 pauciores
1476 2941 1566 2990 sciunt

367 3024 436 3073 2311
454 3037 537 3086 prope
555 3024 631 3073 abest
648 3024 682 3072 ab
700 3022 864 3083 infimitate,
885 3023 914 3071 in
932 3037 985 3085 qua
1005 3023 1062 3073 sola
1081 3023 1184 3072 sanitas
1202 3023 1330 3072 laudatur
1358 3023 1427 3072 21113
1446 3028 1567 3074 oratores

367 3107 452 3156 nostri
473 3112 564 3156 tenere
584 3106 681 3165 dicere,
701 3106 844 3154 histriones
864 3106 963 3155 diserte
985 3106 1084 3156 saltare
1107 3106 1233 3154 dicantur
1261 3107 1334 3155 2711
1356 3112 1432 3155 utere
1453 3107 1566 3169 antiqua

367 3189 500 3250 libertate,
520 3204 537 3239 a
558 3203 611 3251 qua
631 3188 672 3237 vel
693 3189 777 3250 magis
798 3189 1018 3250 degeneravimus
1037 3203 1117 3252 quam
1137 3189 1171 3237 ab
1192 3187 1346 3251 eloquentia
1365 3189 1419 3252 (see
1439 3190 1566 3239 (145111

364 3273 474 3322 'tantum
487 3287 541 3321 nou
554 3273 634 3321 modo
646 3286 663 3321 a
675 3271 797 3321 libertate
809 3272 856 3320 sed
869 3273 949 3321 etiam
962 3286 979 3321 a
990 3273 1118 3320 servitute
1130 3272 1303 3335 degenerant)
1326 3273 1360 3320 211
1373 3281 1499 3321 iscoram
1513 3287 1567 3335 qua

367 3369 454 3418 neque
472 3356 560 3405 dicere
578 3356 619 3405 ias
636 3361 694 3404 erat
711 3355 782 3418 quod
801 3361 878 3417 turpe
896 3355 1082 3417 dictamque
1100 3355 1189 3404 facere
1207 3355 1279 3418 quod
1298 3355 1470 3404 inhonestum
1490 3355 1565 3405 iactu

367 3439 505 3487 uideretur
532 3438 590 3486 331
608 3437 687 3487 aliter
706 3438 809 3486 utimur
828 3438 951 3500 propriis,
972 3437 1051 3487 aliter
1074 3437 1259 3499 commodatis,
1281 3437 1412 3500 longeque
1437 3438 1566 3488 interesse

367 3522 542 3572 manifestum
562 3528 603 3569 est
621 3520 756 3582 possideat
775 3521 835 3584 quis
855 3535 923 3583 quae
942 3520 1045 3583 profert
1063 3535 1098 3570 an
1117 3527 1257 3569 mutuetur
1285 3520 1317 3568 33
1334 3529 1360 3568 w
1377 3521 1491 3570 eandem
1509 3535 1566 3571 esso

368 3606 499 3654 rationem
518 3610 545 3653 et
561 3603 725 3666 percipiendi
743 3618 811 3666 quae
829 3604 950 3667 proferas
961 3609 988 3652 et
999 3603 1154 3666 proferendi
1167 3618 1235 3666 quae
1248 3604 1398 3666 perceperis
1421 3604 1452 3653 31
1466 3609 1520 3653 311.
1535 3611 1567 3654 111

368 3701 462 3737 secura
478 3686 571 3747 uelint,
585 3686 734 3749 periculosa
751 3686 883 3736 extollant
911 3687 944 3735 40
962 3695 1015 3736 ext.
1030 3701 1079 3735 nec
1097 3687 1167 3736 tanti
1184 3687 1222 3736 rei
1240 3687 1363 3749 publicae
1382 3687 1566 3737 Gracchorum

368 3771 522 3834 eloquentia
533 3769 594 3830 11111,
609 3775 640 3819 ut
656 3776 794 3836 pateretur
811 3775 839 3818 et
855 3769 926 3832 leges
944 3783 993 3818 nec
1011 3770 1078 3818 bene
1097 3769 1199 3819 famam
1218 3770 1386 3833 eloquentiae
1405 3771 1499 3820 Cicero
1517 3770 1567 3820 tall

368 3854 443 3903 exitu
455 3854 578 3915 pensavit
600 3854 630 3902 11
645 3862 659 3901 a
674 3867 855 3915 supervacuus
867 3860 936 3902 esset
948 3853 1019 3901 lnter
1031 3853 1188 3901 innocentes
1203 3859 1295 3902 orator
1312 3854 1381 3903 sicut
1400 3855 1469 3902 inter
1486 3868 1567 3905 sanos

368 3937 496 3986 medicus.
508 3937 563 3986 and
574 3936 605 3986 31
618 3945 691 3985 1131.
729 3936 776 3998 Cp.
792 3936 848 3985 also
866 3936 1156 3997 Kosmou-Peerlkamp
1174 3951 1199 3998 p.
1216 3938 1263 3985 100
1279 3937 1453 3999 ‘Saepissime
1472 3943 1567 3987 auctor

368 4019 467 4082 dialogi
485 4020 524 4070 ita
543 4019 636 4068 scribit
656 4025 687 4067 ut
706 4027 813 4081 praeter
830 4021 953 4068 Taciturn
973 4034 1053 4068 neruo
1073 4033 1203 4081 umquam
1220 4020 1344 4082 scripsit.
1362 4057 1367 4069 .
1384 4057 1390 4069 .
1405 4035 1469 4070 nam
1488 4021 1567 4070 sicuti

368 4102 447 4152 multi
459 4103 582 4152 homines
593 4103 643 4151 hoc
656 4102 764 4163 habent,
775 4109 807 4151 ut
818 4117 851 4151 cx
865 4103 969 4151 incessu
982 4109 1110 4165 motuque
1122 4104 1242 4165 corporis
1253 4104 1359 4152 eminus
1370 4112 1567 4166 cognoscantur

369 4186 504 4248 iidemque
516 4186 598 4235 alium
612 4186 744 4234 incessum
757 4192 913 4247 moturaque
926 4185 1026 4246 fingam
1040 4201 1071 4236 ac
1087 4186 1214 4236 simulare
1232 4192 1362 4249 perpetuo
1379 4201 1434 4236 non
1452 4188 1564 4250 possint,

369 4270 408 4319 ita
425 4269 550 4319 Tacitum
567 4283 616 4319 sua
634 4283 677 4318 ars
695 4276 722 4317 et
739 4269 808 4317 ratio
826 4269 891 4318 33113
908 4269 1082 4318 manifestum
1096 4270 1256 4319 ostendunt:
1275 4275 1373 4319 natura
1385 4270 1456 4319 illius
1467 4271 1566 4332 ubique

370 4353 484 4402 recurrit
496 4360 524 4401 et
535 4353 611 4414 quasi
623 4351 741 4412 flamina,
756 4357 786 4399 ut
798 4353 935 4414 aitpoeta,
947 4352 1047 4402 iudicio
1058 4353 1181 4415 proditur
1194 4353 1330 4415 ipsasqu
