3428 4912
258 315 324 381 198
794 340 917 393 noras.

258 507 349 586 quasi
365 509 486 570 formae
500 509 682 590 figuraeque
696 512 833 588 dicendi,
850 515 954 594 specie
970 516 1122 594 dispares,
1138 537 1252 595 genere
1266 519 1454 595 laudabiles,

257 628 321 670 nou
336 630 428 689 posse
443 631 575 690 eaquae
591 613 674 674 iuter
688 634 721 675 se
737 616 927 695 discrepant,
943 618 1063 679 eisdem
1081 622 1258 699 praeceptis
1280 629 1375 700 atque
1391 642 1456 683 una

258 711 459 772 institutione
483 712 727 775 formari-As
749 716 804 775 the
826 716 992 795 following
1011 719 1124 794 shows,
1134 723 1278 798 formas.
1296 770 1302 783 .
1320 768 1326 781 .
1342 743 1455 798 penora

257 815 342 874 refer
366 818 398 871 to
428 812 483 871 the
508 812 634 873 various
650 813 772 893 ‘types’
789 815 824 875 01
845 822 981 896 oratory,
1004 818 1137 906 usually.
1154 819 1284 880 divided
1307 821 1376 881 into
1397 822 1453 882 the

257 915 347 974 three
363 913 479 972 classes
495 911 529 971 01
543 912 598 972 the
614 914 721 973 subtile
736 917 841 995 ἰσχνόν,
858 919 973 993 prande
995 918 1088 996 ἁδρόν,
1104 920 1239 978 mediam
1254 922 1375 1000 ἀνθηρόν
1397 922 1451 1005 (01.

258 1015 391 1093 Sandys'
408 1019 530 1074 notato
546 1013 632 1073 Orat.
649 1015 678 1087 5,
694 1015 734 1073 20
758 1015 908 1076 (lauseret
923 1037 951 1095 p.
969 1018 1028 1077 151
1045 1019 1108 1078 and
1122 1018 1311 1093 Volkmann,
1326 1021 1451 1081 Rhetor.

156 1116 162 1125 “
258 1136 286 1193 p.
304 1114 462 1193 532562)
479 1114 585 1173 which
607 1113 640 1172 iu
662 1114 717 1174 the
738 1115 905 1193 judgment
926 1117 961 1176 01
982 1117 1088 1188 Quint.
1107 1119 1198 1202 (XII,
1218 1120 1267 1192 10,
1284 1120 1338 1198 66)
1354 1120 1455 1197 ought

256 1221 290 1275 to
305 1215 385 1277 have
400 1215 481 1274 been
496 1213 565 1274 still
588 1214 714 1273 further
729 1215 919 1275 subdivided
935 1238 942 1274 :
966 1216 1028 1275 Sed
1048 1236 1151 1294 neque
1172 1217 1222 1277 his
1244 1218 1346 1278 tribus
1362 1220 1453 1297 quasi

257 1316 368 1375 formIs
385 1315 508 1375 inclusa
523 1313 705 1392 eloquentia
719 1319 776 1374 est.
794 1334 867 1374 uam
881 1321 919 1374 ut
938 1315 1021 1375 inter
1037 1316 1153 1393 graeile
1167 1317 1371 1396 validumque
1392 1324 1455 1378 ter-

256 1415 338 1474 tium
361 1414 484 1492 aliquid
509 1414 717 1473 constitutum
741 1420 799 1486 est,
816 1413 862 1473 ita
885 1415 997 1473 horum
1020 1414 1103 1475 inter
1127 1434 1160 1475 se
1185 1416 1356 1477 intervalla
1378 1424 1454 1478 sunt

256 1521 351 1593 atque
378 1514 461 1574 inter
485 1513 561 1573 baec
584 1513 655 1591 ipsa
683 1513 818 1573 mixtum
845 1514 995 1591 quiddam
1021 1533 1060 1574 ex
1085 1515 1207 1575 duobus
1237 1517 1375 1576 medium
1404 1524 1454 1577 est

256 1633 373 1674 eorum.
400 1632 474 1673 nam
489 1618 521 1672 et
536 1612 646 1672 subtili
663 1611 788 1690 plenius
811 1612 933 1690 aliquid
948 1619 1043 1691 atque
1058 1614 1208 1674 subtilius
1223 1621 1256 1675 et
1270 1615 1451 1676 vehementi

257 1714 420 1773 remissius
440 1719 535 1790 atque
551 1711 769 1771 vehementius
785 1712 956 1786 invenitur,
971 1719 1008 1773 ut
1029 1712 1110 1773 illud
1131 1712 1202 1773 lene
1218 1719 1273 1774 aut
1287 1715 1454 1775 adscendit

256 1814 297 1873 ad
321 1813 455 1873 fortiora
478 1819 533 1871 aut
554 1813 593 1871 ad
609 1811 754 1871 tenuiora
775 1811 955 1871 submittur.
979 1830 1015 1872 ac
1034 1812 1080 1872 sic
1095 1832 1192 1890 prope
1207 1813 1452 1874 innumerabiles

257 1913 377 1991 species
394 1910 594 1988 reperiuntur
610 1929 689 1988 quae
704 1910 814 1988 utique
830 1910 936 1989 aliquo
951 1918 1110 1970 momento
1131 1911 1215 1971 inter
1237 1932 1270 1972 se
1293 1913 1452 1973 differant.

256 2013 435 2074 -Gatonit
457 2013 501 2069 Μ.
518 2011 648 2069 Porciam
673 2011 747 2070 Cato
770 2011 937 2084 Cermorirar,
953 2011 1032 2070 born
1047 2012 1107 2071 234
1124 2013 1377 2072 cous195cens.
1392 2014 1452 2073 184

257 2112 331 2172 died
347 2113 416 2183 149,
428 2130 502 2184 was,
513 2110 680 2186 according
693 2116 727 2169 10
743 2109 861 2183 Oioem,
878 2110 932 2169 the
947 2109 1050 2170 oldest
1066 2111 1190 2170 Roman
1206 2118 1313 2171 orator
1329 2113 1452 2191 worthy

255 2212 311 2271 the
326 2230 426 2270 name.
464 2210 513 2271 cf.
531 2211 619 2268 Brut.
637 2209 686 2284 16,
702 2210 740 2268 61
764 2227 821 2268 nec
835 2228 910 2267 vero
924 2209 1023 2268 habeo
1038 2229 1226 2288 quemquam
1241 2210 1452 2288 antiquiorem

257 2311 345 2370 cuius
377 2309 505 2388 quidem
536 2308 656 2385 scripta
681 2309 870 2386 proferenda
895 2315 1003 2387 putem
1031 2308 1095 2367 nisi
1121 2328 1214 2386 quem
1244 2310 1329 2387 Appi
1360 2311 1451 2371 Caeci

256 2410 357 2470 oratio
382 2411 458 2468 haec
481 2408 552 2486 ipsa
574 2409 613 2467 de
637 2407 760 2485 Pyrrho
784 2413 816 2466 et
838 2407 1008 2466 nonnullae
1034 2414 1227 2467 mortuorum
1253 2409 1452 2470 laudationes

257 2511 340 2569 forte
356 2509 518 2569 delectant
546 2508 596 2582 l‘r',
613 2509 652 2567 68
674 2506 836 2584 antiquior
851 2513 883 2566 et
903 2507 997 2567 huius
1013 2526 1115 2567 sermo
1137 2514 1170 2567 et
1185 2509 1339 2585 quaedam
1355 2509 1453 2569 horri-

256 2610 346 2669 diora
369 2608 485 2693 werba:
516 2607 562 2666 ita
584 2606 670 2666 euim
693 2613 761 2665 tum
786 2606 997 2684 loquebantur
1041 2607 1126 2667 Orat.
1151 2608 1202 2681 45,
1227 2607 1297 2681 152,
1322 2609 1393 2681 aud,
1417 2608 1451 2668 in

257 2708 393 2786 general,
407 2706 530 2766 Teuffel
547 2708 562 2775 §
579 2706 638 2765 118
655 2705 687 2764 11.
700 2706 829 2779 -seni,
848 2706 923 2764 here
938 2706 1017 2765 used
1032 2705 1064 2765 in
1081 2706 1241 2765 reference
1256 2712 1289 2765 to
1304 2706 1359 2766 the
1374 2707 1452 2767 time

257 2808 290 2866 in
306 2807 409 2866 which
425 2807 464 2865 he
479 2806 575 2879 lived,
586 2810 643 2864 not
657 2810 690 2864 to
704 2804 753 2863 his
769 2805 929 2864 advanced
943 2824 1045 2882 years
1085 2806 1125 2864 So
1137 2805 1294 2884 similarly
1309 2806 1450 2885 ‘antiqui

257 2904 405 2968 Catonis'
429 2904 461 2963 in
477 2923 518 2964 an
532 2903 674 2981 epigram
690 2903 774 2963 cited
795 2903 836 2981 by
852 2903 958 2973 Quint.
977 2904 1059 2963 VIII
1075 2905 1105 2977 3,
1121 2904 1170 2963 29.
1215 2905 1281 2963 The
1298 2923 1453 2964 commen-

254 3012 355 3067 tators
371 3005 438 3066 also
453 3022 597 3081 compare
613 3004 676 3064 Cic.
689 3002 778 3062 Brut.
792 3003 840 3076 10,
851 3003 892 3062 39
907 3001 1024 3079 quoted
1035 3001 1069 3059 in
1079 3006 1154 3060 note
1166 3019 1190 3059 c.
1203 3002 1283 3061 1611
1300 3001 1358 3061 but
1372 3000 1455 3062 bave

254 3104 443 3166 overlooked
460 3104 539 3163 Stat.
554 3102 630 3161 Silv.
644 3102 691 3161 IV
703 3103 731 3174 9,
742 3102 783 3159 20
798 3100 889 3158 Bruti
902 3099 986 3158 senis
999 3099 1203 3159 oscitationes
1218 3101 1302 3180 (131
1314 3118 1408 3178 years
1420 3100 1455 3160 of

255 3209 326 3288 age)
344 3206 360 3263 I
376 3205 405 3278 2,
418 3205 479 3264 253
494 3200 706 3264 Callimachus
722 3220 745 3260 s.
763 3201 831 3273 V3,
845 3200 903 3257 151
917 3199 1073 3258 Ascraeus
1087 3198 1273 3277 Siculusque
1294 3199 1373 3259 Hor.
1388 3200 1454 3260 Sat.

255 3306 291 3365 II
307 3307 335 3380 1,
348 3306 388 3366 34
412 3305 469 3382 Ep.
486 3304 522 3362 II
537 3304 566 3378 1,
579 3306 627 3364 56.
637 3304 717 3365 -0,
732 3303 906 3364 Gracchus:
933 3302 963 3361 0.
979 3302 1176 3379 Semproniae
1193 3302 1358 3375 Gracchus,
1374 3301 1454 3361 born

258 3406 357 3487 154s3
372 3405 444 3465 trib.
459 3403 540 3483 pleb.
554 3404 707 3476 123-121,
724 3403 756 3461 in
772 3402 875 3462 which
890 3401 987 3461 latter
1001 3421 1077 3480 year
1091 3401 1131 3460 he
1147 3421 1211 3461 was
1228 3402 1454 3462 assassinated.

257 3506 306 3566 On
317 3505 367 3564 his
380 3505 558 3582 eloquence,
571 3503 611 3562 ef.
623 3503 686 3563 Cic.
698 3504 787 3561 Brut.
799 3501 920 3574 33,125
932 3499 965 3558 ff.
978 3499 1074 3560 Noli.
1088 3545 1095 3560 .
1109 3546 1117 3561 .
1129 3506 1240 3578 putare
1253 3518 1454 3578 quemquam,

259 3606 364 3676 Brute,
376 3602 546 3679 pleniorem
564 3605 619 3658 aut
641 3598 805 3655 uberiorem
827 3597 868 3655 ad
890 3597 1058 3656 dicendum
1081 3597 1181 3656 fuisse
1197 3641 1203 3655 .
1221 3596 1456 3674 ..eloquentia

257 3702 385 3780 quidem
406 3699 512 3760 nescio
527 3718 568 3757 an
589 3697 753 3757 habuisset
775 3716 882 3773 parem
904 3695 1071 3754 neminem.
1118 3695 1255 3756 Grandis
1270 3701 1320 3755 est
1336 3696 1450 3768 verbis,

257 3800 383 3879 sapiens
399 3797 576 3871 sententiis,
593 3814 706 3873 genere
721 3802 789 3854 toto
810 3795 914 3871 gravis
930 3817 936 3853 :
959 3814 1069 3854 manus
1086 3802 1227 3854 extrema
1241 3814 1304 3853 uon
1319 3794 1454 3855 accessit

256 3899 404 3979 operibus
417 3899 498 3973 eius;
514 3896 672 3974 praeclare
685 3895 834 3953 incohata
846 3894 954 3967 multa,
967 3893 1181 3970 perfectanon
1192 3894 1294 3971 plane.
1320 3894 1404 3954 Plut
1416 3895 1449 3956 (l.

257 3999 387 4062 Gracch.
404 4000 423 4058 3
439 4002 544 4078 ἰσχύων
557 4000 598 4076 τῷ
612 3997 706 4075 λέγειν
721 3993 756 4058 ὦς
771 3997 859 4057 ἄλλος
876 3994 972 4057 οὐδείς.
1004 3994 1059 4070 Cp.
1073 3992 1195 4052 Teuffel
1209 3996 1224 4062 ξ
1237 3994 1308 4067 135,
1320 3995 1340 4052 4
1353 3993 1376 4052 f.
1389 3994 1452 4053 and

259 4104 330 4158 note
346 4118 371 4159 c.
388 4099 428 4158 26
446 4109 470 4156 2.
481 4096 642 4173 —plemzs
657 4094 719 4154 and
734 4096 807 4152 ader
820 4092 887 4152 also
899 4093 1064 4152 combined
1080 4093 1112 4152 in
1128 4093 1199 4153 Tac.
1216 4094 1299 4153 Anu.
1316 4092 1386 4153 XII
1401 4094 1452 4153 69.

298 4199 338 4258 10
360 4199 503 4260 cmsus:
528 4196 563 4253 L.
581 4195 721 4253 Licini-us
741 4194 877 4265 Crassus,
893 4191 971 4251 born
988 4212 1015 4251 n.
1028 4212 1053 4251 r.
1072 4194 1132 4251 119
1155 4212 1238 4252 cons.
1256 4194 1296 4252 95
1311 4211 1395 4253 cens.
1411 4192 1452 4253 92

256 4298 331 4359 died
352 4299 402 4371 91,
425 4315 484 4356 one
506 4295 541 4354 of
562 4295 616 4353 the
639 4291 795 4371 principal
818 4291 1038 4350 interlocutors
1062 4292 1093 4349 iu
1117 4293 1170 4351 the
1194 4292 1241 4351 De
1260 4292 1401 4366 Oratore,
1419 4291 1451 4350 in
