3450 4912
343 243 364 307 4
750 259 779 310 r.
817 257 990 310 connum
1013 257 1138 309 rscrn

343 440 472 498 nostras
497 455 631 519 quoque
651 433 805 498 historias
822 440 857 498 et
873 434 1023 497 Romana
1039 433 1175 496 nomina
1191 431 1433 498 Graeculorum
1449 433 1546 501 fabu-

343 558 385 621 lis
402 557 620 646 adgregatos?

389 680 425 749 4.
475 683 521 747 Et
546 682 732 747 Maternus:
758 681 986 767 ‘perturbarer
1012 682 1074 747 hac
1102 689 1162 746 tua
1184 683 1361 748 severitate
1390 684 1455 748 nisi
1480 681 1544 749 fre-

344 828 450 890 quens
475 814 509 871 ct
530 807 669 870 adsidua
689 806 784 870 uobis
807 807 978 871 contentio
1000 807 1067 870 iam
1088 827 1189 891 prope
1208 807 1244 869 in
1261 807 1542 872 consuetudinem

344 932 507 996 vertisset.
555 952 632 994 nam
648 953 709 996 nco
726 938 765 994 tu
781 932 907 1017 agitare
929 939 964 995 ct
987 932 1119 1015 insequi
1143 939 1257 1015 poetas
1281 932 1489 1009 intermittis,
1507 941 1543 998 et

344 1077 416 1141 ego,
441 1057 496 1119 cui
520 1055 681 1119 desidiam
705 1056 963 1119 advocationum
984 1054 1096 1131 obicis,
1120 1054 1325 1119 cotidianum
1346 1055 1410 1120 hoc
1433 1064 1543 1141 patro

310 1180 470 1242 oninium
494 1178 723 1243 defendendae
745 1178 903 1244 adversus
920 1187 953 1243 te
975 1180 1123 1262 poeticae
1148 1200 1294 1243 exerceo.
1343 1201 1411 1264 quo
1435 1179 1543 1245 laetor

343 1304 449 1389 magis
462 1303 612 1367 oblatum
624 1304 718 1368 nobis
731 1303 877 1368 iudicem
889 1304 948 1387 qui
961 1325 1013 1367 me
1027 1304 1081 1367 vel
1095 1304 1130 1366 in
1142 1302 1298 1367 futurum
1313 1310 1407 1368 vetet
1422 1326 1540 1369 versus

344 1427 451 1492 facere
468 1428 534 1503 vel,
552 1427 726 1512 quodiam
742 1427 872 1511 pridem
888 1436 977 1512 opto,
995 1448 1055 1491 sua
1071 1448 1206 1512 quoque
1231 1429 1429 1492 auctoritate
1455 1451 1541 1493 oom-

343 1553 457 1636 pellat,
476 1560 516 1617 ut
532 1553 660 1616 omissis
684 1551 867 1616 forensium
883 1573 1057 1616 causarum
1072 1553 1248 1638 angustiis,
1265 1552 1440 1636 inquibus
1457 1552 1541 1616 mihi

343 1677 423 1739 satis
451 1698 618 1761 superque
646 1677 803 1740 sudatum
827 1684 887 1751 est,
912 1677 1111 1741 sanctiorem
1135 1677 1228 1739 illam
1252 1684 1287 1740 et
1310 1678 1540 1762 augustiorem

294 1811 325 1857 10
344 1801 572 1884 eloquentiam
588 1801 693 1864 colam
710 1799 828 1864 solom.’

128 2910 226 2971 Aper’s

128 2975 238 3037 Speech.

130 3041 258 3091 ‘Defence
270 3041 299 3089 of

128 3108 262 3170 Oratory.'

389 1922 421 1992 5.
467 1924 559 2011 ‘Ego
572 1923 669 1989 vero’
687 1926 800 2009 inquit
812 1923 996 2001 Secundus,
1011 1924 1208 2010 ‘antequam
1221 1947 1274 1989 me
1287 1924 1434 1990 iudicem
1447 1925 1541 2010 Aper

344 2058 484 2126 recuset,
507 2050 627 2114 faciam
648 2048 740 2133 quod
760 2048 854 2133 probi
877 2056 911 2113 et
933 2048 1074 2114 modesti
1095 2049 1223 2113 iudices
1242 2050 1361 2126 solent,
1385 2051 1481 2113 utin
1499 2051 1540 2114 iis

344 2174 593 2262 cognitionibus
617 2196 648 2236 se
674 2181 837 2238 excusent
864 2174 900 2236 in
928 2173 1051 2258 quibus
1079 2173 1294 2238 manifestum
1322 2182 1373 2238 est
1401 2175 1540 2238 alteram

344 2299 435 2384 apud
451 2321 506 2363 cos
522 2305 651 2384 partem
666 2299 775 2384 gratia
790 2299 991 2382 praevalere.
1039 2299 1115 2382 quis
1132 2300 1221 2362 enim
1240 2299 1348 2363 nescit
1371 2300 1540 2363 neminem

310 2424 426 2488 omihi
451 2424 714 2488 coniunctiorem
738 2444 808 2487 esse
835 2430 870 2486 et
894 2443 958 2485 usu
982 2424 1145 2487 amicitiae
1174 2430 1209 2487 et
1235 2421 1438 2489 adsiduitate
1467 2445 1542 2488 oon-

345 2549 492 2614 tubcrnii
509 2570 609 2632 quam
627 2547 774 2611 Saleium
791 2546 942 2622 Bassum,
960 2569 1038 2610 cum
1054 2548 1219 2631 optimum
1234 2548 1345 2612 virum
1362 2555 1436 2611 tum
1452 2548 1542 2612 abso-

344 2675 549 2737 lutissimum
565 2671 721 2756 poetam?
743 2692 840 2755 porro
852 2671 880 2734 si
893 2672 1023 2755 poetica
1035 2679 1218 2747 aeerrsatur,
1237 2693 1304 2734 non
1321 2672 1426 2735 alium
1442 2671 1541 2737 video

343 2821 437 2863 rcum
453 2794 729 2880 locupletiorem.9

390 2922 551 2986 ‘Securus
567 2919 628 2983 sit'
647 2920 760 3004 inquit
776 2920 870 3003 Aper
886 2919 937 2983 ‘et
954 2920 1082 2983 Saleius
1096 2920 1219 2984 Bassus
1233 2927 1268 2984 ot
1283 2921 1438 3004 quisquis
1455 2922 1541 2985 alius

343 3046 494 3111 studium
509 3046 658 3130 poeticae
675 3051 711 3108 et
726 3045 909 3108 carminum
926 3045 1066 3128 gloriam
1087 3043 1189 3120 fovet,
1207 3066 1284 3109 cum
1306 3066 1421 3109 causas
1443 3066 1541 3131 agere

343 3194 410 3235 non
423 3171 537 3254 possit.
578 3191 641 3254 ego
658 3169 757 3241 enim,
772 3175 938 3252 quatenus
955 3168 1115 3232 arbitrum
1131 3170 1201 3232 litis
1217 3169 1318 3233 huius
1335 3192 1398 3232 noa
1414 3170 1540 3245 inveni,

344 3319 410 3359 non
423 3296 531 3380 patiar
541 3294 733 3357 Maternum
746 3294 904 3357 societate
917 3293 1067 3377 plurium
1079 3291 1225 3382 defendi,
1237 3292 1296 3357 sed
1308 3294 1420 3377 ipsum
1432 3294 1542 3357 solum
1609 3346 1615 3356 .

343 3471 381 3519 vel
396 3468 760 3532 imposuisses—Acidaliae
797 3467 936 3517 ut-add.
955 3467 1078 3516 Niebuhr.
1119 3466 1378 3534 [id.-uomina]-
1397 3467 1446 3517 del.
1462 3468 1538 3518 idem

343 3555 373 3601 21
405 3552 645 3602 Graecorum-B.
694 3552 725 3599 22
739 3550 1035 3614 aggregares-ABCD
1065 3550 1330 3613 aggregarem-nv
1359 3564 1543 3612 aggregare-

344 3635 470 3695 Muretus,
487 3634 633 3699 (Pithoeus)
648 3634 700 3682 Nl.
738 3648 923 3697 aggregans-
934 3633 1022 3689 Orelli,
1037 3633 1081 3681 Ba.

378 3719 405 3778 4.
443 3716 756 3767 bdefcndeudae—del.
776 3717 877 3766 Novak.
915 3715 1143 3764 sillam-cuv
1161 3716 1371 3764 istam—ABD.
1410 3716 1441 3763 10
1457 3715 1542 3765 solam

343 3801 443 3850 —odd
462 3801 570 3850 Vahlen.

379 3885 405 3944 5.
443 3885 475 3932 2*
493 3882 754 3932 modesti-BCDV
773 3883 816 3931 Bo.
837 3881 888 3940 Wf.
910 3880 981 3930 And.
1022 3881 1251 3930 moderati—AF.
1269 3881 1320 3929 Mo.
1341 3880 1405 3930 Hm.
1427 3880 1470 3930 Pt.
1491 3881 1539 3931 m.

347 3965 588 4032 [ut-eos]-om.
605 3966 638 4014 D.
673 3965 688 4012 3
701 3963 997 4026 cogitationibus-BC
1012 3962 1055 4026 (cf.
1072 3964 1134 4023 ld„
1148 3965 1215 4021 2508
1229 3963 1319 4024 Quint.
1335 3963 1384 4023 XI,
1401 3966 1542 4029 1‚1)se-

1146 4047 1163 4091 q

345 4115 404 4164 add.
427 4115 559 4175 Pithoeus,
580 4114 635 4163 odd.
657 4116 758 4173 excepto
776 4114 859 4162 Peter.
896 4115 912 4162 6
931 4112 1126 4162 Selorum—A
1144 4075 1322 4162 ¹Calculi-B
1342 4113 1417 4174 (corr.
1438 4114 1478 4179 b.)
1497 4115 1543 4164 Sc·

344 4197 504 4247 laium-E.
553 4199 569 4246 9
592 4196 800 4246 alium—CDA.
851 4198 880 4245 11
906 4196 1053 4245 οῖ’-ἀρα.
1080 4195 1213 4252 Pithoeus,
1243 4196 1310 4256 cdd,
1336 4195 1452 4255 defendit
1474 4196 1542 4247 Iolla

345 4285 373 4330 ct
393 4280 600 4330 enim-Orelli.
645 4279 853 4329 non-insoni.
898 4278 1169 4341 inveni-Pithoeus,
1192 4278 1242 4328 Me.
1266 4278 1320 4339 ΝΡ.
1341 4278 1384 4329 Pt.
1406 4278 1471 4330 Hm.
1491 4278 1539 4329 m.
