3428 4912
821 336 851 388 C.
871 336 912 387 35.
1389 327 1454 391 329

153 572 160 581 ,
258 508 549 589 speech).-With
572 509 749 570 Messalla’s
771 513 981 587 exaggerated
1003 518 1184 588 statement,
1207 534 1253 593 cp.
1277 517 1332 577 the
1361 519 1457 578 admi·

258 606 345 667 rable
361 608 538 668 discussion
550 609 585 668 of
599 609 706 679 Quint.
717 610 764 668 12
779 609 904 694 (utilius
920 611 1004 670 domi
1016 630 1056 671 an
1069 612 1102 671 in
1114 613 1230 674 scholis
1245 617 1455 697 erudiantur),

258 706 467 785 particularly
490 710 504 776 ξ
527 708 585 766 af.
603 710 643 768 16
665 708 721 768 sed
742 714 779 768 ut
801 709 971 785 fugiendae
994 710 1059 770 sint
1086 731 1216 790 magnae
1243 715 1368 776 scholae
1392 718 1457 800 (cui

150 854 154 860 .
258 824 299 866 ne
314 805 382 883 ipse
399 806 527 884 quidem
542 807 588 867 rei
604 807 773 881 adsentior,
787 808 814 866 si
830 809 871 868 ad
885 808 1023 886 aliquem
1039 811 1153 871 merito
1169 815 1378 895 concurritur)
1394 836 1456 876 non

258 910 366 965 tamen
387 906 446 965 hoc
468 925 505 965 eo
526 906 613 966 valet
634 912 671 966 ut
696 907 866 983 fugiendae
893 908 959 968 sint
984 909 1111 971 omnino
1138 912 1272 973 scholae.
1295 914 1384 976 aliud
1408 923 1458 976 est

258 1004 344 1065 enim
358 1005 461 1065 vitare
476 1023 539 1080 eas,
555 1005 643 1065 aliud
658 1005 784 1083 eligere.

358 1143 415 1192 The
426 1141 515 1205 plural
526 1140 598 1191 aiter
608 1140 769 1202 disiunctive
787 1140 913 1203 particles
926 1142 953 1191 in
966 1142 1081 1193 indirect
1094 1146 1230 1207 questions
1241 1161 1327 1198 seems
1339 1156 1366 1199 to
1378 1164 1459 1200 occur

325 1226 445 1276 inbuta
462 1224 546 1285 single
561 1237 672 1286 passage
690 1224 718 1272 in
736 1224 832 1273 Latin:
852 1224 924 1274 Suet.
940 1226 998 1275 Oct.
1015 1228 1047 1275 86
1067 1227 1183 1289 dubitas,
1197 1228 1339 1280 Cimberne
1352 1234 1459 1282 Annius

326 1323 362 1359 an
374 1308 521 1358 Verranius
533 1306 645 1357 Flaccus
657 1307 781 1356 imitandi
793 1307 842 1356 tibi
855 1307 931 1357 sint?
951 1308 995 1357 lor
1006 1309 1035 1357 in
1047 1310 1092 1358 the
1105 1311 1183 1360 other
1196 1311 1317 1363 instance
1334 1315 1404 1365 cited
1422 1317 1458 1378 hy

322 1392 373 1461 Dr.
388 1392 425 1441 Π.
440 1392 467 1441 S.
488 1391 503 1442 I
522 1392 569 1441 179
586 1391 656 1440 irom
674 1391 731 1439 Liv.
747 1391 828 1440 XXX
845 1390 918 1451 32,2
941 1392 1029 1440 Roma
1047 1406 1082 1441 su
1102 1393 1236 1457 Carthago
1257 1395 1316 1446 iura
1335 1398 1459 1460 gentihus

324 1476 429 1537 darent,
443 1483 506 1526 ante
518 1475 664 1525 crastinam
679 1480 787 1523 noctem
806 1474 928 1533 scituros,
944 1474 989 1523 the
1008 1475 1125 1537 suhjects
1144 1490 1190 1525 are
1207 1477 1306 1541 clearly
1323 1480 1415 1539 taken,
1430 1496 1460 1530 as

325 1559 409 1619 often,
424 1560 452 1609 in
466 1560 512 1609 the
524 1573 600 1609 sense
612 1559 641 1608 oi
658 1559 783 1618 Romani,
799 1558 1041 1620 Carthaginienses.
1085 1559 1097 1607 1
1109 1560 1186 1619 have,
1202 1561 1343 1622 therefore,
1358 1563 1410 1613 had
1423 1578 1459 1613 no

326 1642 470 1693 hesitation
488 1643 516 1692 ln
533 1643 673 1705 removing
691 1643 736 1691 the
757 1641 914 1691 intolerahle
938 1641 1060 1690 mileciam
1079 1642 1115 1704 hy
1135 1643 1242 1706 writing
1261 1644 1397 1695 ‘miserat’
1416 1647 1460 1696 ior

328 1725 489 1775 ‘adierant’
525 1726 590 1775 This
601 1724 697 1788 plural,
713 1725 734 1773 it
746 1739 809 1786 may
823 1724 856 1773 he
872 1723 968 1783 added,
985 1730 1084 1773 cannot
1096 1724 1129 1773 he
1142 1724 1274 1775 defended
1287 1740 1354 1777 even
1366 1743 1401 1778 on
1414 1730 1459 1778 the

325 1808 429 1871 ground
442 1808 501 1858 that
513 1808 534 1858 lt
545 1821 637 1872 agrees
649 1808 714 1857 with
727 1808 773 1856 the
787 1812 894 1857 nearest
906 1807 1018 1868 subject.
1058 1808 1107 1857 See
1119 1806 1176 1857 also
1188 1813 1250 1857 note
1263 1824 1284 1858 c.
1299 1810 1331 1860 37
1343 1820 1375 1861 ss.

301 1923 320 1984 8
343 1925 429 1986 nihil
447 1926 644 1987 reverentiae
664 1924 683 1983 i.
697 1944 723 1983 e.
747 1926 792 1983 As
815 1924 893 1984 both
912 1924 1039 1983 teacher
1054 1923 1116 1983 and
1132 1925 1222 2001 pupil
1238 1943 1291 1985 are
1306 1926 1458 2006 virtually

259 2042 300 2084 on
314 2025 369 2084 the
385 2043 471 2084 same
486 2025 546 2084 low
562 2024 644 2083 level
660 2024 695 2083 of
709 2024 831 2084 culture
852 2026 915 2083 and
939 2023 1152 2100 intelligencs,
1168 2025 1222 2084 the
1238 2025 1344 2084 school
1360 2026 1386 2085 is
1402 2034 1459 2086 not

258 2123 436 2183 calculated
456 2130 490 2183 to
512 2130 659 2201 generate
682 2124 737 2183 the
761 2130 884 2201 respect
906 2123 1010 2182 which
1029 2142 1049 2182 a
1067 2125 1210 2202 superior
1230 2125 1374 2202 learning
1395 2127 1457 2185 and

259 2222 336 2283 skill
359 2242 400 2282 on
424 2223 478 2283 the
502 2229 574 2301 part
597 2224 633 2283 of
657 2223 712 2284 the
739 2223 911 2282 instructor
936 2222 1041 2281 would
1067 2223 1105 2281 be
1131 2224 1250 2282 certain
1273 2230 1307 2284 to
1332 2224 1455 2302 impert.

259 2323 326 2383 The
341 2323 514 2400 complaint
530 2324 564 2382 oi
578 2342 597 2382 a
610 2323 683 2382 laclr
698 2324 733 2383 of
747 2328 870 2400 respect
886 2323 936 2381 for
951 2322 1005 2381 the
1022 2322 1248 2382 schoolrnaster
1263 2323 1289 2382 is
1305 2324 1406 2384 asold
1422 2345 1456 2384 as

258 2424 363 2483 Plaut.
380 2442 406 2482 e.
418 2444 445 2500 g.
462 2423 741 2483 Bacch121-1cc.
758 2425 828 2482 379.
845 2424 990 2482 438-498
1007 2422 1063 2481 hut
1080 2422 1250 2500 especially
1265 2443 1405 2483 common
1423 2426 1456 2484 in

258 2523 313 2581 the
334 2522 480 2601 imperial
500 2542 565 2598 age.
610 2523 658 2585 cf.
676 2522 743 2581 also
759 2522 865 2591 Quint.
884 2522 963 2594 112,
980 2523 999 2579 8
1022 2541 1115 2598 quem
1139 2521 1298 2600 discipuli,
1315 2523 1342 2581 si
1364 2526 1456 2583 modo

258 2628 344 2682 recte
359 2628 435 2682 sunt
449 2622 601 2696 instituti,
617 2628 649 2681 et
664 2628 772 2681 amant
787 2628 820 2680 et
834 2627 984 2681 verentur
1020 2623 1049 2691 9,
1066 2622 1084 2679 1
1108 2621 1282 2700 discipulos
1306 2622 1338 2681 id
1359 2643 1455 2682 unum

258 2720 388 2780 interim
404 2740 524 2796 moneo.
539 2727 576 2781 ut
598 2728 817 2800 praeceptores
840 2740 912 2780 suos
935 2740 998 2779 nou
1021 2721 1125 2779 miuus
1149 2741 1242 2798 quam
1264 2721 1334 2800 ipsa
1351 2724 1457 2783 studia

258 2826 366 2880 ament
380 2828 412 2880 et
427 2827 574 2899 parentes
590 2840 658 2881 esse
674 2841 736 2880 non
751 2821 879 2898 quidem
895 2839 1069 2898 corporum,
1086 2821 1141 2879 sed
1158 2821 1310 2879 mentium
1327 2823 1456 2882 credant

258 2920 342 2979 Plin.
359 2921 416 2998 Ep.
433 2921 518 2980 VIII
534 2922 584 2993 23,
600 2923 620 2979 3
643 2921 907 2998 quotusquisque
924 2919 974 2978 vel
990 2920 1087 2979 aetati
1104 2920 1235 2979 alterius
1252 2921 1302 2979 vel
1325 2923 1457 2980 auctori·

258 3019 335 3080 tatis
350 3026 387 3079 ut
402 3019 504 3079 minor
519 3020 632 3080 cedit?
652 3019 761 3079 statim
777 3020 914 3096 sapiunt,
928 3019 1037 3078 statim
1053 3019 1159 3078 sciunt
1174 3020 1288 3091 omnia,
1306 3022 1457 3079 partricem

258 3129 407 3192 verentur,
424 3118 589 3179 imitantur
605 3118 762 3178 neminem
777 3124 872 3196 atque
888 3118 949 3194 ipsi
966 3118 1027 3177 sibi
1043 3118 1189 3195 exempla
1204 3124 1278 3176 sunt
1308 3120 1375 3177 Iuv.
1390 3120 1453 3178 Vll

257 3219 320 3279 203
335 3219 367 3277 ff.
392 3218 446 3296 qui
472 3224 707 3297 praeceptorem
733 3216 835 3277 sancti
856 3217 1026 3276 voluerunt
1051 3216 1192 3293 parentis
1215 3236 1283 3275 esse
1306 3216 1374 3277 loco
1396 3224 1453 3278 etc.

257 3317 338 3377 with
353 3318 490 3395 Mayor’s
505 3324 604 3376 notes.

300 3419 319 3478 9
342 3435 432 3478 nemo
448 3419 513 3477 nisi
529 3435 628 3495 esque
644 3418 811 3494 imperitus
827 3416 945 3476 intrat:
970 3415 1036 3473 The
1052 3414 1243 3491 incompleta
1258 3416 1455 3494 comparison

258 3522 344 3576 must
357 3517 396 3575 be
412 3515 559 3594 supplied
575 3515 608 3573 in
623 3515 760 3591 thought
777 3515 820 3592 hy
835 3514 947 3590 ‘atque
966 3520 1013 3595 (or
1029 3514 1074 3591 et)
1092 3513 1192 3572 alter!
1237 3514 1315 3573 This
1331 3515 1455 3593 ellipsis

257 3615 337 3674 with
353 3614 487 3693 ‘aeque’
503 3614 531 3673 is
554 3614 729 3691 extremely
751 3633 901 3672 common.
947 3613 995 3673 cf.
1013 3631 1038 3671 c.
1053 3632 1080 3688 g.
1098 3612 1201 3671 Plaut.
1219 3613 1288 3671 Mil.
1307 3614 1354 3673 IV
1369 3616 1397 3687 2,
1415 3617 1455 3674 73

258 3714 364 3775 Aetna
383 3734 473 3774 mons
493 3733 555 3772 non
579 3733 677 3790 aeque
699 3712 783 3771 altus
820 3714 889 3771 Ter.
907 3712 1033 3770 Phorm.
1051 3712 1205 3783 1113,32
1243 3712 1306 3773 Cic.
1324 3715 1363 3772 ad
1379 3714 1453 3773 fam.

258 3814 306 3873 IV
320 3815 384 3888 6,1
414 3814 453 3872 de
468 3812 520 3871 fin.
538 3813 585 3873 IV
600 3814 650 3885 23,
666 3814 706 3871 63
736 3812 804 3870 Liv.
823 3812 937 3870 XXIX
955 3812 1039 3884 lita>
1070 3811 1155 3870 Suet.
1172 3811 1276 3870 Tin?
1297 3819 1456 3872 extuutct

259 3913 449 3973 feminarum
472 3912 619 3989 exempla
639 3930 737 3988 aeque
761 3910 779 3969 i.
797 3931 822 3970 e.
847 3929 882 3969 ac
897 3909 1045 3969 virorum.
1090 3910 1130 3968 In
1146 3912 1217 3969 Tac.
1235 3910 1320 3970 also:
1344 3912 1385 3969 ll.
1404 3912 1454 3970 Ιῖ

259 4014 431 4090 eademque
454 4030 553 4071 norae
576 4010 665 4070 aulae
687 4009 771 4069 mala
792 4028 890 4086 aeque
909 4009 1026 4085 gravia,
1043 4028 1107 4067 non
1121 4029 1220 4086 aeque
1235 4017 1386 4069 excusata
1414 4011 1454 4069 29

259 4112 287 4171 si
303 4112 393 4171 nobis
409 4118 464 4171 aut
479 4110 582 4189 perire
604 4108 698 4168 hodie
720 4127 847 4168 neccsse
871 4113 919 4167 est
942 4114 1006 4181 aut,
1023 4108 1106 4185 quod
1129 4127 1228 4186 aeque
1250 4110 1334 4186 apud
1356 4109 1454 4168 honos

258 4211 407 4270 miserum
430 4216 488 4282 est,
512 4210 660 4270 occidere.
707 4209 793 4267 John
810 4209 849 4267 ad
867 4207 925 4267 loc.
942 4208 1032 4266 takes
1057 4208 1155 4266 intr-ut
1177 4207 1209 4265 iu
1231 4208 1285 4267 the
1308 4228 1397 4267 sense
1421 4210 1455 4268 of

259 4308 267 4333 ³
277 4309 408 4386 passing
423 4309 456 4368 in
471 4309 534 4368 and
549 4309 624 4383 out,'
640 4307 659 4366 i.
674 4327 699 4367 e.
716 4326 814 4384 ireque
834 4306 908 4383 imp.
927 4305 1072 4364 intratet
1089 4305 1161 4384 imp.
1180 4306 1254 4379 exit,
1271 4307 1454 4385 comparing
