3450 4912
819 340 848 390 c.
871 342 909 389 ro.
1391 325 1453 389 131

259 516 322 576 bile
338 523 372 576 et
386 536 509 576 sacrum
524 518 574 591 55,
590 525 610 577 4
632 518 836 596 philosophia
855 537 977 578 sacrum
994 517 1144 595 quiddam
1160 524 1209 576 cst
1230 522 1262 576 et
1279 517 1456 576 venerabile

259 616 298 676 de
320 616 370 676 ira
390 617 440 690 31,
461 617 756 678 7.—cothnrnnnr:
779 617 808 674 A
833 636 976 676 common
1003 624 1185 694 metonymy
1210 616 1260 675 101
1285 616 1455 693 tragoedia.

261 715 348 774 Here
370 734 456 774 more
478 714 687 794 particularly
709 717 745 775 01
766 717 820 774 the
842 716 987 775 elevated
1009 718 1071 775 and
1091 715 1223 774 sublime
1244 715 1326 793 style
1348 734 1458 793 appro

259 814 362 892 priate
385 820 418 873 10
440 815 581 892 tragedy.
626 814 674 876 01.
692 816 783 891 Verg.
801 815 866 875 Ecl.
886 816 968 874 Vlll
986 816 1024 873 10
1047 815 1120 874 Sola
1135 814 1309 892 Sophocleo
1324 820 1380 873 tua
1394 833 1458 874 car-

259 913 346 973 mina
367 913 464 989 digna
484 914 646 973 cothurno.
691 915 785 991 Prop.
803 915 837 973 ΙΙ
861 914 944 997 (ΙΙΙ)
966 915 1016 986 34,
1032 915 1071 972 41
1095 913 1203 973 desine
1225 919 1258 972 et
1280 914 1457 991 Aeschyleo

259 1031 445 1091 componere
471 1014 568 1073 verba
592 1014 754 1073 cothurno.
802 1014 880 1073 Stat.
909 1013 984 1072 Silv.
1013 1014 1041 1073 V
1066 1015 1096 1086 3,
1123 1015 1163 1072 96
1189 1012 1294 1072 sidera
1319 1012 1456 1073 terrifico

259 1131 353 1189 snper
369 1112 533 1172 intonuere
549 1113 710 1172 cothurno.
756 1113 824 1171 luv.
840 1113 885 1171 Vl
902 1114 963 1171 634
980 1111 1126 1188 tingimus
1143 1111 1219 1171 hacc
1233 1111 1333 1170 altum
1349 1119 1458 1172 satura

259 1217 403 1270 sumente
419 1212 608 1272 cothurnum
628 1211 631 1294 Ι
651 1211 773 1271 00111001
795 1217 827 1271 01
850 1211 943 1269 linem
965 1211 1083 1287 egressi
1102 1210 1265 1287 legemque
1287 1211 1427 1287 priorum
1444 1210 1449 1297 Ι

260 1311 378 1386 grande
401 1310 574 1388 Sophocleo
596 1329 720 1370 cannen
745 1310 932 1370 bacchamur
956 1309 1054 1368 hiatu.
1099 1310 1160 1369 XV
1182 1309 1222 1368 29
1246 1310 1367 1369 cunctis
1390 1330 1457 1387 gra

260 1409 349 1468 viora
364 1408 527 1469 cothurnis
545 1409 662 1492 (where
678 1428 730 1469 000
746 1408 881 1487 Mayor).
922 1408 1028 1478 Quint.
1046 1410 1077 1468 X
1093 1410 1120 1482 1,
1137 1409 1177 1467 68
1194 1409 1339 1486 Namque
1355 1409 1382 1468 is
1400 1415 1454 1493 (sc.

261 1507 445 1586 Euripides)
463 1513 495 1567 et
517 1527 668 1581 sermone,
692 1509 776 1585 qnod
798 1508 902 1585 ipsum
925 1508 1159 1585 reprehendunt
1181 1507 1295 1584 quibus
1317 1509 1456 1584 gravitas

260 1613 291 1666 et
314 1607 489 1666 cothurnus
513 1613 545 1667 et
568 1625 664 1666 sonus
689 1607 836 1683 Sophocli
856 1606 983 1665 videtur
1005 1625 1072 1665 esse
1095 1606 1268 1665 sublimior.
1330 1606 1400 1666 Sen.
1417 1608 1456 1667 de

259 1712 361 1783 tranq.
376 1705 425 1778 11,
441 1706 461 1764 8
477 1705 623 1783 quotiens
638 1705 780 1765 mimicas
797 1705 932 1783 ineptias
949 1711 981 1764 et
996 1705 1092 1764 verba
1106 1705 1147 1764 ad
1161 1724 1315 1764 summam
1329 1725 1456 1766 caveam

261 1803 439 1882 spectantia
461 1804 601 1882 reliquit,
619 1804 703 1864 inter
726 1804 827 1864 multa
849 1803 913 1863 alia
935 1804 1089 1863 cothurno
1109 1823 1171 1862 non
1191 1809 1317 1863 tantum
1339 1805 1457 1883 sipario

261 1903 400 1963 fortiora.
447 1904 564 1982 Symm.
585 1904 643 1980 Ep.
661 1905 783 1980 Fragm.
801 1923 829 1980 p.
847 1904 897 1977 22,
913 1906 933 1962 4
950 1903 1048 1986 (cited
1068 1902 1111 1980 by
1134 1904 1246 1980 Mayor
1268 1903 1342 1982 10.)
1361 1923 1400 1964 ne
1423 1905 1457 1963 in

260 2003 399 2079 poeticos
414 2001 509 2062 flatus
525 2022 629 2062 rernm
645 2002 821 2079 ingentium
837 2002 1008 2061 cothurnus
1024 2007 1176 2078 erumpat.

299 2106 454 2163 rutrum:
488 2101 634 2160 Scholars
663 2101 855 2178 obstinately
883 2100 987 2160 1011100
1014 2107 1047 2160 10
1073 2100 1234 2176 recognise
1260 2102 1315 2160 the
1340 2121 1396 2161 use
1422 2102 1458 2162 01

261 2206 505 2273 vester=tuus,
532 2199 685 2276 although
709 2201 833 2272 Murro,
861 2201 1016 2258 Elucidut.
1041 2209 1068 2257 to
1095 2200 1237 2259 Catullus
1264 2219 1291 2277 p.
1316 2201 1377 2260 216
1399 2201 1456 2261 has

261 2299 401 2358 adduced
416 2299 539 2358 several
555 2299 769 2376 indisputable
786 2299 944 2358 instances
960 2319 985 2358 0.
998 2319 1025 2375 g.
1040 2299 1106 2359 001.
1121 2300 1267 2358 XXXIX
1279 2299 1319 2358 20
1335 2300 1454 2385 vester}

261 2396 429 2474 expolitior
452 2398 529 2457 dens
556 2404 605 2458 est
628 2399 736 2459 XCIX
760 2400 779 2458 6
804 2397 965 2457 tantillum
994 2405 1116 2456 vestrae
1143 2397 1267 2457 demere
1293 2399 1454 2459 saevitias.

261 2497 307 2557 01.
324 2497 402 2570 also,
425 2498 518 2574 Verg.
536 2497 613 2557 Aen.
635 2499 665 2557 X
688 2499 748 2557 188
771 2498 900 2566 crimen,
924 2498 1031 2570 Amor,
1055 2502 1205 2570 vestrum,
1229 2499 1292 2558 Cic.
1316 2499 1354 2558 (10
1376 2505 1454 2559 orat.

262 2596 379 2669 11147,
395 2597 456 2655 182
478 2596 677 2669 Α1101010100,
700 2596 820 2668 Catule,
842 2602 954 2655 100101.
1000 2596 1150 2669 Wilkins,
1166 2597 1206 2656 ad
1229 2597 1291 2657 010.
1316 2598 1354 2657 de
1376 2604 1453 2659 orat.

261 2693 341 2768 135,
358 2696 420 2754 160
441 2694 517 2770 begs
532 2695 587 2753 the
603 2696 760 2773 question,
777 2695 867 2753 when
883 2695 923 2753 hc
939 2714 1011 2773 says
1027 2696 1098 2755 that
1113 2695 1167 2754 the
1186 2695 1214 2753 2.
1232 2715 1312 2772 pers.
1330 2697 1411 2774 plur.
1428 2697 1455 2757 is

260 2813 348 2853 never
368 2793 469 2852 found
490 2793 569 2852 with
591 2813 610 2852 a
631 2794 772 2871 singular
795 2795 879 2853 force
895 2793 928 2852 in
949 2794 1053 2866 Latin,
1071 2794 1120 2852 101
1142 2793 1207 2852 this
1231 2793 1257 2852 is
1280 2800 1349 2853 true
1368 2795 1453 2872 only,

260 2891 391 2952 because
413 2893 468 2952 the
489 2912 585 2970 many
599 2893 755 2953 available
777 2912 925 2969 passages
948 2893 981 2950 in
1004 2898 1137 2970 support
1154 2893 1189 2950 01
1210 2893 1352 2953 Munro’s
1374 2894 1454 2953 view

260 3009 310 3050 are
333 2998 391 3050 not
413 2991 569 3051 admitted
593 2991 636 3069 by
658 2992 724 3050 him
750 3010 784 3051 as
810 2992 968 3050 evidence.
1014 2992 1051 3048 In
1074 2991 1129 3050 the
1151 2999 1280 3068 present
1302 2993 1453 3066 instance,

260 3090 435 3163 Andresen,
451 3090 484 3148 in
508 3092 600 3150 order
619 3097 652 3150 to
676 3091 768 3151 avoid
792 3090 905 3166 taking
927 3097 1169 3163 vester=tnus,
1193 3110 1343 3169 supposes
1369 3093 1455 3169 Aper

260 3189 395 3248 1011010
418 3189 567 3249 included
589 3190 717 3261 Bassus,
740 3190 857 3248 buthe
880 3189 907 3248 is
928 3182 1042 3247 known
1065 3195 1099 3247 to
1117 3209 1154 3248 us
1181 3190 1255 3266 only
1277 3210 1311 3249 as
1333 3191 1455 3268 auspic

260 3289 351 3364 poet!
388 3288 508 3347 Peter’s
524 3288 728 3365 explanation
746 3287 754 3312 ¹
760 3308 822 3365 you
837 3288 900 3347 and
913 3307 993 3365 your
1009 3288 1326 3363 follow-tragedians'
1349 3289 1376 3347 is
1398 3296 1454 3348 uot

259 3387 438 3447 warranted
452 3386 495 3464 by
509 3387 564 3445 the
579 3393 717 3446 context.

299 3488 339 3546 15
362 3486 483 3547 heroici
501 3486 653 3547 carminis
671 3504 798 3547 sonum:
816 3486 899 3545 ‘The
921 3486 1004 3563 lofty
1019 3493 1093 3544 tone
1116 3486 1150 3544 01
1171 3485 1240 3562 epia
1263 3487 1359 3562 song!
1403 3487 1452 3548 01.

260 3584 320 3646 010.
336 3585 376 3645 (10
397 3590 461 3662 opt.
479 3604 547 3662 gen.
564 3604 608 3644 or.
626 3586 642 3644 I
658 3587 676 3645 1
693 3590 726 3644 et
740 3584 773 3643 in
789 3585 951 3661 tragoedia
966 3584 1118 3644 comicum
1134 3583 1284 3642 vitiosum
1299 3591 1357 3657 est,
1372 3591 1405 3644 et
1419 3585 1454 3643 in

259 3684 419 3744 comoedia
440 3690 533 3760 turpe
557 3684 712 3761 tragicum
737 3690 769 3743 et
795 3684 829 3742 in
851 3684 963 3742 ceteris
992 3688 1046 3766 (sc.
1071 3682 1246 3741 carminum
1271 3683 1452 3763 generibus)

259 3800 331 3843 suns
354 3789 404 3842 est
426 3783 539 3861 cuique
561 3790 666 3843 certus
689 3802 783 3842 sonus
802 3788 834 3841 et
852 3782 1004 3858 quaedam
1025 3781 1284 3857 intellegentibus
1302 3789 1377 3841 nota
1392 3803 1453 3842 vox

260 3881 295 3942 de
319 3889 399 3943 orat.
428 3883 463 3941 ΙΙ
490 3883 538 3956 12,
566 3885 606 3943 54
635 3882 759 3942 addidit
787 3881 936 3940 maiorem
966 3881 1116 3939 historiae
1146 3900 1257 3940 sonum
1283 3881 1369 3940 vocis
1397 3886 1452 3964 (sc.

260 3980 382 4042 Caelius
398 3982 583 4059 Antipater)
597 3981 704 4052 Quint.
722 3981 738 4038 I
754 3981 783 4052 8,
796 3981 815 4038 5
832 3980 1026 4038 sublimitate
1039 3979 1156 4039 heroici
1168 3979 1316 4039 carminis
1329 3980 1452 4040 animus

260 4080 407 4157 adsurgat
432 4086 465 4140 et
490 4098 529 4139 ex
555 4079 772 4156 magnitudine
803 4098 907 4138 rerum
936 4078 1084 4154 spiritum
1113 4078 1452 4156 ducat—lyricorum

260 4178 505 4240 iucunditatem:
523 4178 692 4252 Iucundns,
709 4177 837 4256 τερπνός,
848 4178 911 4237 and
926 4177 979 4235 the
995 4176 1134 4249 11110010
1149 4178 1299 4252 standing
1313 4178 1451 4254 epitheta

260 4275 292 4334 of
311 4277 393 4355 lyric
417 4282 539 4354 poetry.
584 4276 631 4338 Cf.
655 4276 753 4334 Anth.
778 4275 845 4334 Pal.
869 4276 919 4333 IX
941 4275 1011 4347 571,
1035 4275 1052 4332 l
1076 4278 1152 4334 ἔπνεε
1174 4279 1279 4353 τερπνὰ
1298 4276 1301 4359 i
1321 4276 1455 4351 ἧδυμελεῖ
