3428 4912
257 347 321 410 298
794 357 918 408 riorus.

256 537 296 596 ad
311 536 479 595 utilitatem
503 533 716 610 dirigerentur
739 551 848 592 eornm
870 531 984 609 quibus
1000 532 1167 592 consilium
1183 535 1350 612 daremus;
1373 536 1453 597 alios

257 637 332 694 item
358 635 391 692 in
416 633 644 692 laudationibus
667 631 701 690 in
727 631 841 710 quibus
864 631 904 690 ad
922 652 1126 708 personarum
1151 633 1333 709 diyuitatom
1348 635 1455 696 omnia

256 736 460 793 referrentur.

298 837 317 894 9
340 835 412 895 aad·
429 872 435 883 ·
451 870 457 882 ·
472 834 683 893 misceantur:
714 831 737 891 J
740 830 852 904 ustice,
874 829 985 908 utility
1007 830 1071 890 and
1092 831 1218 906 morale,
1242 832 1363 910 though
1385 853 1455 894 con·

257 934 408 1010 stituting
422 933 477 992 the
493 930 651 1010 principal
666 930 769 1008 topics
781 931 816 989 oi
831 930 1007 989 discussion
1021 930 1055 988 in
1067 930 1121 990 the
1133 932 1308 1009 respective
1324 934 1331 958 ‘
1339 952 1456 1010 genera

257 1034 399 1093 dicendi’
424 1039 457 1092 to
481 1031 584 1090 which
612 1030 689 1108 they
714 1029 862 1108 properly
886 1029 1009 1106 belong,
1033 1048 1086 1089 are
1112 1032 1329 1092 nevertheless
1351 1033 1395 1092 all
1420 1054 1455 1094 so

257 1133 375 1211 closely
391 1131 598 1191 interrelated
621 1149 655 1190 as
677 1136 711 1189 to
734 1130 846 1188 render
870 1129 924 1188 the
946 1135 1119 1188 treatment
1134 1130 1169 1189 of
1183 1150 1241 1190 one
1257 1138 1289 1191 to
1305 1133 1358 1192 the
1372 1134 1456 1210 rigid

257 1232 420 1292 exclusion
435 1233 470 1291 of
484 1232 538 1291 the
555 1231 646 1290 other
661 1229 848 1307 practioally
865 1228 1058 1305 impossible.
1091 1230 1158 1289 The
1175 1249 1260 1291 sanie
1275 1232 1413 1310 thought
1428 1234 1456 1293 is

257 1332 393 1408 brought
408 1338 463 1391 out
477 1332 518 1409 by
535 1331 641 1401 Quint.
659 1330 814 1402 111116
837 1348 876 1387 ne
900 1328 939 1388 iis
963 1329 1091 1406 quidem
1113 1331 1298 1391 accesserim
1313 1333 1367 1410 qui
1386 1334 1456 1416 (the

258 1432 387 1491 authors
410 1431 551 1490 referred
572 1436 605 1489 to
628 1429 661 1487 in
686 1429 800 1506 soff.)
829 1429 1023 1488 laudativam
1049 1431 1213 1490 materiam
1240 1431 1456 1508 honestorum,

258 1531 500 1590 deliberativam
529 1530 668 1603 utilium,
696 1528 876 1588 iudicialem
907 1528 1061 1588 iustorum
1088 1531 1273 1607 quaestione
1299 1532 1457 1592 contineri

259 1636 382 1709 putant,
398 1630 493 1690 celeri
509 1630 608 1706 magis
625 1648 660 1688 ac
675 1629 811 1688 rotunda
825 1628 875 1687 usi
891 1629 1117 1689 distributione
1135 1649 1229 1707 qnam
1245 1651 1328 1691 vera.
1364 1631 1459 1692 Stuut

259 1733 340 1791 enim
356 1731 572 1808 quodammodo
587 1730 703 1788 utrrtuis
718 1729 849 1787 curtiliis
865 1730 977 1788 outa-iu.
1021 1731 1105 1789 Nam
1120 1736 1152 1789 et
1168 1729 1201 1789 in
1216 1730 1308 1790 laude
1331 1731 1458 1791 iustitia

258 1831 444 1908 utilitasque
466 1836 622 1889 tractatur
637 1834 670 1888 et
685 1829 718 1887 in
733 1828 876 1888 consiliis
900 1828 1049 1888 honestas
1065 1835 1098 1888 et
1115 1849 1185 1889 raro
1208 1829 1390 1890 iudicialem
1412 1831 1458 1890 in·

260 1931 383 1990 veneris
413 1949 539 1989 oausam
568 1929 602 1987 in
631 1928 720 1987 cuius
747 1935 837 2006 parte
867 1947 928 1987 non
959 1928 1081 2005 aliquid
1110 1947 1228 2002 eorum,
1255 1949 1334 2007 quae
1360 1949 1459 2009 supra

259 2030 407 2102 diximus,
424 2029 600 2107 reperiatur
622 2029 685 2087 and
707 2027 799 2104 again
822 2028 876 2085 III
892 2029 921 2099 8,
938 2028 955 2085 1
979 2028 1203 2088 deliberativas
1219 2048 1344 2106 quoque
1359 2029 1458 2089 miror

259 2149 278 2189 a
299 2130 487 2207 quibusdam
511 2128 578 2187 sola
598 2127 741 2186 utilitate
764 2125 880 2185 finitas.
908 2145 943 2186 ao
966 2126 992 2185 si
1016 2127 1092 2204 quid
1115 2127 1148 2185 in
1171 2127 1221 2186 his
1243 2147 1340 2187 unum
1366 2129 1458 2208 sequi

259 2235 427 2306 oporteret,
444 2228 548 2306 potior
571 2227 687 2286 fuisset
709 2226 793 2303 apud
815 2245 864 2285 me
887 2226 1048 2286 Ciceronis
1071 2227 1231 2285 sententia
1255 2228 1306 2310 (de
1325 2234 1404 2288 orat.
1422 2229 1458 2288 11

259 2329 308 2401 82,
325 2328 400 2405 334)
418 2328 473 2405 qui
489 2328 547 2387 hoc
563 2326 713 2385 urateriae
730 2344 828 2401 genus
845 2325 1002 2401 dignitate
1017 2326 1153 2385 maxime
1176 2327 1331 2387 contineri
1354 2335 1457 2405 putat.

260 2447 316 2486 nec
342 2428 451 2487 dubito
478 2427 556 2504 quin
582 2426 605 2484 ii
632 2425 688 2502 qui
714 2430 789 2483 sunt
816 2425 848 2482 in
876 2424 933 2482 illa
957 2423 1061 2501 priore
1087 2425 1256 2499 sententia,
1283 2428 1458 2486 secundum

259 2527 438 2603 opinionem
455 2525 699 2603 pulcherrimam
716 2543 755 2582 ne
770 2523 849 2582 utile
865 2524 992 2600 quidem
1008 2523 1069 2582 nisi
1087 2524 1171 2602 quod
1183 2524 1350 2584 honesturn
1362 2533 1457 2599 esset,

259 2626 482 2686 existimarint.

360 2743 435 2791 With
458 2742 503 2790 the
526 2740 638 2803 solitary
659 2741 800 2802 exception
821 2738 851 2788 oi
874 2739 988 2802 Philipp,
1012 2739 1083 2788 Diui.
1113 2740 1172 2789 Tac.
1189 2777 1194 2788 .
1210 2778 1216 2790 .
1233 2778 1238 2789 .
1254 2755 1321 2803 quae
1340 2744 1460 2804 genuina

320 2826 405 2886 suerit
412 2825 512 2884 forma,
528 2825 635 2873 Vienna
649 2823 711 2872 1887
725 2837 749 2885 p.
766 2823 798 2871 29
810 2822 840 2881 1.,
855 2822 900 2871 the
913 2822 1087 2871 ernendation
1100 2821 1129 2872 of
1142 2823 1254 2873 Ursinus
1268 2823 1317 2874 ‘de
1329 2824 1457 2885 utilitate,

326 2909 354 2957 in
377 2907 595 2957 laudationibus*
621 2906 669 2955 has
693 2911 748 2953 met
770 2905 834 2954 with
857 2904 965 2967 general
986 2912 1155 2967 acceptante.
1192 2907 1299 2969 Philipp
1320 2907 1461 2958 basethis

326 2991 473 3053 objections
491 3003 564 3051 upon
582 2987 799 3037 unwarrantable
818 2987 968 3036 inferences
983 2987 1077 3036 drawn
1090 2988 1160 3038 from
1174 2989 1229 3038 Cic.
1245 2989 1279 3038 de
1291 2997 1359 3039 orat.
1376 2990 1402 3038 11
1416 2992 1457 3051 10,

327 3074 360 3122 43
390 3073 555 3135 11130,121
588 3072 680 3132 Quint.
704 3070 812 3129 1118‚1
833 3070 887 3119 and
912 3072 936 3119 X
957 3072 979 3130 1,
999 3071 1031 3119 tt
1051 3070 1104 3119 aud
1127 3071 1232 3133 ignores
1255 3072 1300 3120 the
1323 3073 1460 3135 tripartite

326 3156 513 3206 enumeration
527 3155 666 3203 ‘de-bonis
681 3155 743 3202 ete)
759 3153 845 3201 which
858 3153 903 3201 the
918 3155 1013 3201 ‘narn’
1028 3152 1117 3203 clause
1135 3154 1158 3202 is
1175 3155 1311 3217 evidently
1328 3155 1460 3206 intended

326 3245 355 3289 to
367 3240 506 3288 illustrate.
534 3238 656 3287 Ursinus’
669 3237 852 3294 remoratione,
865 3235 930 3284 both
939 3236 1002 3284 here
1012 3236 1065 3285 and
1079 3236 1106 3284 111
1119 3251 1141 3286 c.
1152 3239 1168 3286 ὃ
1178 3246 1209 3296 tc,
1223 3238 1309 3287 where
1322 3238 1368 3288 the
1377 3241 1461 3289 exist-

326 3337 391 3372 ence
403 3323 460 3371 ola
478 3321 575 3370 lacuna
588 3320 636 3369 has
654 3318 710 3368 also
729 3319 849 3380 uniustly
869 3319 935 3367 been
955 3319 1053 3368 denied
1071 3320 1106 3381 by
1126 3320 1268 3383 Kiessliug,
1283 3320 1365 3371 Inda
1377 3322 1457 3372 schot.

327 3403 779 3467 61111501111188110,1101111101ιὲ
796 3403 840 3450 the
854 3408 924 3450 most
936 3403 1038 3451 certain
1057 3403 1244 3452 emendations
1261 3404 1340 3453 made
1358 3407 1385 3453 in
1406 3406 1461 3455 this

326 3489 442 3538 trectise.
452 3517 485 3524 -
495 3492 501 3514 ‘
511 3487 553 3535 lta
568 3492 659 3535 tamen
679 3487 729 3543 ut,'
744 3486 845 3545 though
865 3486 944 3546 again
964 3485 1049 3534 found
1068 3487 1095 3534 in
1113 3501 1136 3535 c.
1153 3488 1184 3535 10
1195 3495 1221 3534 2⁰.
1237 3486 1270 3535 38
1282 3497 1295 3536 7
1306 3487 1361 3536 aud
1373 3488 1460 3537 hence

326 3570 461 3634 preferred
474 3570 511 3631 by
523 3582 597 3618 some
611 3568 721 3628 editors,
737 3570 759 3617 is
771 3568 1032 3631 palaeographically
1046 3575 1094 3617 not
1110 3583 1140 3618 so
1158 3583 1221 3630 easy
1239 3584 1270 3618 as
1287 3571 1332 3619 the
1350 3571 1460 3634 equally

325 3654 497 3714 satisfactory
518 3651 578 3700 ‘sed
597 3653 635 3700 ita
653 3653 696 3700 ut'
716 3651 972 3717 (disserimusitaut).
1011 3652 1046 3702 So
1064 3666 1086 3700 e.
1100 3665 1123 3713 g.
1140 3651 1194 3702 Cic.
1210 3652 1244 3701 de
1262 3651 1306 3701 ou.
1323 3653 1351 3701 11
1370 3654 1411 3711 18,
1426 3655 1460 3703 ot

326 3736 450 3787 habenda
468 3736 537 3785 ratio
555 3740 596 3784 est
608 3735 646 3782 rei
665 3733 807 3783 farniiiaris
823 3735 868 3783 scd
887 3736 923 3783 itu
941 3737 970 3783 ut
989 3734 1177 3785 illiberalitatis
1193 3737 1376 3797 avaritiaeque
1388 3737 1461 3786 absit

325 3820 448 3882 suspicio.

301 3921 340 3978 10
363 3919 487 3996 copiose
505 3921 536 3978 et
552 3918 643 3979 varis
661 3921 692 3978 et
710 3921 836 3977 ornate:
860 3917 907 3977 Cf.
926 3916 988 3977 Cic.
1007 3917 1092 3976 Orat.
1110 3919 1139 3990 0,
1155 3919 1195 3976 20
1210 3923 1320 3977 ornate
1336 3938 1411 3978 vero
1427 3926 1461 3980 et

259 4019 398 4096 graviter
424 4024 456 4076 et
482 4017 606 4094 copiose
633 4015 736 4075 dicere
776 4017 825 4088 33,
849 4017 910 4074 118
933 4016 971 4075 de
994 4021 1070 4075 orat.
1096 4017 1112 4074 Ι
1135 4018 1184 4089 11,
1207 4019 1247 4076 48
1273 4018 1458 4095 composite,

259 4124 377 4191 ornate,
391 4116 516 4194 captiose
532 4114 619 4192 loqui
649 4117 698 4185 13,
713 4116 752 4174 59
768 4121 923 4174 oratorem
939 4116 1068 4192 plenum
1086 4121 1181 4193 atque
1196 4117 1373 4194 perfectum
1389 4137 1460 4179 esse

259 4238 329 4278 eum
346 4217 401 4295 qui
417 4217 455 4275 de
471 4214 616 4274 omnibus
632 4214 724 4272 rebus
740 4214 842 4290 possit
857 4214 982 4290 copiose
998 4214 1146 4292 varieque
1162 4215 1274 4276 dicere.

302 4318 341 4376 12
364 4317 618 4395 pravitatemque
646 4314 816 4375 vitiorum:
854 4314 921 4372 The
950 4314 1136 4391 expression
1165 4315 1193 4374 is
1223 4320 1280 4374 not
1307 4318 1458 4397 properly

259 4414 461 4478 antithetioal
477 4419 510 4473 to
525 4413 588 4471 *uim
604 4412 761 4484 *uirtutum
775 4410 856 4469 'vis'
872 4411 968 4488 being
982 4412 1066 4485 here,
1080 4431 1114 4472 as
1130 4415 1229 4488 often,
1242 4433 1459 4494 synonymous
