3428 4912
498 328 683 380 nmaoous
707 329 756 377 ns
780 327 1020 380 ourroarrrus.
1313 314 1355 378 51

161 508 197 572 {a
217 504 360 571 dicendo
374 503 439 569 sibi
456 505 600 589 quisque
617 501 770 567 sumebat
785 510 820 566 et
836 524 996 567 uumerus
1018 525 1127 588 neque
1150 504 1279 569 dierum
1304 527 1358 570 ne·
1391 518 1409 569 t

161 653 228 717 que
252 637 468 715 patronorum
491 627 680 692 finiebatur.
727 627 855 711 primus
876 627 957 692 haec
977 628 1076 692 tertio
1098 629 1275 693 consulatu
1295 629 1357 694 Cn.
1456 686 1458 691 .

162 755 343 840 Pompeius
360 753 541 818 adstrinxit
560 752 787 837 imposuitque
810 752 916 816 veluti
939 751 1051 816 frenos
1073 753 1294 838 eloquentiae,
1312 755 1359 818 ita

163 887 276 944 tamen
298 887 339 943 ut
361 879 472 942 omnia
495 879 530 940 in
554 877 636 953 loro,
655 877 765 940 omnia
786 876 927 963 legibus,
946 878 1058 941 omnia
1080 877 1170 962 apud
1193 886 1359 963 praetores

160 1011 378 1091 gererentur:
407 1001 499 1087 apud
524 1023 610 1087 quos
639 1005 765 1086 quanto
793 1003 917 1065 maiora
944 1004 1080 1089 negotia
1106 1003 1186 1067 olim
1214 1003 1359 1067 exerceri

161 1129 262 1192 solita
277 1129 356 1203 sint,
374 1126 466 1212 quod
481 1127 588 1190 maius
604 1135 842 1212 argumentum
859 1134 911 1191 est
926 1148 1027 1211 quam
1044 1127 1136 1212 quod
1153 1148 1270 1192 causae
1287 1148 1360 1191 cen-
1378 1137 1410 1187 lu

162 1253 368 1328 tumvirales,
386 1272 472 1337 quae
488 1272 579 1315 nunc
601 1251 747 1335 primum
763 1250 917 1316 obtinent
939 1251 1062 1326 locum,
1080 1251 1162 1316 adeo
1184 1251 1358 1336 splendore

161 1378 305 1441 aliorum
336 1375 537 1439 iudiciorum
570 1374 804 1450 obruebantur,
834 1381 874 1439 ut
905 1396 1014 1460 neque
1048 1375 1218 1440 Ciceronis
1250 1397 1358 1460 neque

162 1501 314 1567 Caesaris
338 1522 448 1585 neque
471 1499 571 1563 Bruti
596 1521 706 1585 neque
729 1499 835 1564 Caelii
859 1521 968 1584 neque
991 1499 1099 1575 Calvi,
1123 1522 1190 1564 non
1214 1500 1359 1586 denique

162 1627 268 1690 ullius
297 1626 409 1711 magni
438 1625 576 1688 oratoris
604 1623 688 1688 liber
713 1623 803 1708 apud
829 1626 1055 1689 centumviros
1081 1624 1191 1689 dictus
1216 1626 1358 1712 legatur,

161 1751 313 1835 exceptis
329 1748 534 1813 orationibus
551 1749 673 1825 Asinii,
692 1770 778 1832 quae
797 1771 856 1832 pro
878 1748 1055 1813 heredibus
1073 1749 1232 1814 Urbiniae
1249 1751 1361 1814 inscri-
1378 1764 1411 1815 15

162 1874 300 1950 buntur,
318 1873 359 1937 ab
374 1875 446 1958 ipso
468 1880 580 1937 tamen
598 1872 749 1937 Pollione
768 1872 885 1936 mediis
897 1874 978 1937 Divi
989 1873 1139 1960 Augusti
1156 1875 1360 1959 temporibus

162 1998 306 2074 habitae,
324 2005 501 2083 postquam
523 1996 625 2083 longa
646 2004 833 2081 temporum
856 1998 952 2081 quies
973 2004 1008 2061 et
1029 2000 1228 2062 continuum
1244 1999 1361 2084 populi

163 2125 272 2187 otium
288 2130 324 2186 et
338 2121 479 2186 adsidua
494 2130 631 2186 senatus
644 2121 872 2206 tranquillitas
889 2131 924 2185 et
936 2123 1078 2185 maxime
1094 2124 1253 2208 principis
1266 2122 1362 2188 disci·

162 2248 256 2332 plina
272 2248 377 2331 ipsam
394 2267 530 2330 quoque
548 2246 775 2331 eloquentiam
791 2247 880 2310 sicut
896 2248 1007 2309 omnia
1023 2245 1249 2331 depacaverat.

209 2369 268 2439 39.
319 2370 465 2434 Parvum
490 2378 525 2435 et
545 2369 726 2435 ridiculum
747 2369 886 2434 fortasse
909 2370 1078 2434 videbitur
1098 2371 1189 2455 quod
1209 2371 1360 2437 dicturus

162 2518 247 2571 sum,
266 2495 374 2559 dicam
394 2502 516 2571 tamen,
534 2495 589 2559 vel
611 2494 686 2559 ideo
709 2504 748 2559 ut
769 2494 927 2557 rideatur.
976 2504 1140 2579 quantum
1160 2496 1360 2561 humilitatis

162 2628 322 2705 putamus
338 2619 550 2703 eloquentiae
560 2618 721 2682 adtulisse
738 2620 897 2702 paenulas
914 2621 1003 2694 istas,
1022 2619 1144 2703 quibus
1160 2620 1310 2686 adstricti
1327 2630 1362 2687 et

163 2746 260 2809 velut
282 2744 403 2808 inclusi
426 2766 502 2808 cum
524 2741 691 2807 iudicibus
715 2742 929 2807 fabulamur?
976 2752 1141 2828 quantum
1162 2746 1285 2809 virium
1309 2745 1362 2811 de-

162 2870 304 2934 traxisse
330 2869 471 2931 orationi
495 2866 661 2931 auditoria
682 2876 717 2931 et
732 2867 894 2931 tabularia
911 2867 1086 2944 credimus,
1106 2869 1140 2932 in
1157 2869 1280 2953 quibus
1296 2871 1361 2934 iam
1395 2885 1412 2934 5

163 2992 232 3058 fere
264 2993 429 3078 plurimae
461 3014 578 3056 causae
611 2991 845 3075 explicantur?
902 3015 977 3055 nam
1007 3015 1074 3077 quo
1106 2993 1203 3057 modo
1235 2994 1361 3059 nobiles

162 3140 269 3203 equos
285 3138 403 3181 cursus
419 3125 454 3182 et
468 3118 576 3201 spatia
594 3115 745 3200 probant,
763 3118 810 3180 sic
833 3125 885 3180 est
900 3117 1022 3201 aliquis
1039 3125 1207 3181 oratorum
1225 3141 1360 3203 campus

161 3264 341 3329 perquem
369 3243 433 3305 nisi
449 3241 545 3304 liberi
561 3248 597 3305 et
615 3240 719 3304 soluti
740 3240 899 3316 ferantur,
918 3240 1114 3305 debilitatur
1134 3265 1171 3306 ac
1193 3243 1363 3330 frangitur

162 3404 385 3464 horas—Halm,
404 3405 448 3454 Ba.
467 3405 493 3453 h.
514 3404 742 3466 perorare-edd.
785 3406 817 3453 5·
832 3405 1001 3453 iu-oddtdi
1018 3405 1199 3454 dicendo—e
1217 3405 1306 3469 (ettam
1324 3408 1360 3473 Λ)

161 3521 382 3572 arcendi-arr.
397 3521 453 3569 1111.
467 3521 690 3569 sumebant-n.
726 3520 1128 3570 amec-cnevnrc-an.
1160 3487 1362 3583 stunt-v

162 3604 337 3668 quauta—B
357 3604 418 3664 (sed.
439 3617 504 3652 corr.
519 3603 557 3669 b.)
577 3604 611 3652 D.
650 3604 677 3651 11
697 3612 725 3651 et
741 3604 895 3651 nunc-l).
935 3604 964 3652 12
985 3603 1247 3653 aliorum-CDEV
1264 3604 1362 3668 aliquo

162 3687 323 3738 rum-AB
342 3685 532 3734 illorum-H.
553 3685 651 3744 Meyer,
666 3686 720 3746 Np.
760 3687 790 3734 15
807 3686 1047 3735 Urbiniae-corr.
1069 3687 1178 3747 Lipsius
1196 3688 1361 3738 urbine-B

163 3770 347 3821 Umie-AE
359 3768 798 3818 urviae-CDVironiae-Put.
835 3769 1068 3820 scribuntur-E.
1107 3771 1137 3818 lo
1154 3784 1170 3820 a
1188 3771 1260 3819 vtato
1271 3781 1362 3821 tamen

161 3855 230 3903 coni.
245 3852 385 3902 Baehrens
425 3853 471 3900 18·
482 3851 696 3900 maxima-AB
705 3851 759 3912 up.
775 3852 1005 3901 maximi-Cili]
1017 3852 1060 3902 Bc.
1075 3845 1232 3902 maile-V
1246 3855 1362 3904 maxime

160 3936 306 3994 -Haosc,
331 3934 387 3984 edd.
437 3936 484 3984 la·
507 3935 598 3984 omnia
622 3934 781 4000 (onia-A)
802 3934 1076 3997 depacaverat-AB
1096 3934 1146 3994 Wf.
1173 3936 1246 3987 And.
1272 3938 1364 3988 omnia

160 4019 218 4069 alia
235 4017 502 4082 pacaverat-CBV
519 4017 571 4066 Ma.
592 4017 635 4065 Pr.
656 4017 701 4066 Be.
723 4017 785 4066 Hm.
802 4018 849 4066 111,
867 4017 920 4067 alia
937 4019 1028 4066 omnia
1039 4019 1138 4080 p.-l⁴}
1157 4020 1249 4068 ornnle
1262 4034 1318 4082 pac,
1329 4050 1362 4060 -

161 4102 324 4163 Nipperdey.

197 4185 250 4246 30,
290 4186 301 4233 1
325 4183 499 4232 videbitur—
509 4183 624 4233 Ursinus
642 4183 794 4247 (Muretus),
814 4184 865 4233 Ma.
889 4184 942 4245 ΝΡ.
965 4184 1006 4233 Pl.
1029 4184 1072 4233 ln.
1096 4185 1168 4235 Anu.
1192 4185 1363 4235 videtur-u

160 4265 427 4326 videatur—Orelli,
448 4265 511 4314 Hm.
533 4265 582 4314 Jss.
603 4264 657 4324 Ws.
700 4268 733 4314 2⁸
751 4266 1018 4315 rideatur—CDEV
1039 4267 1079 4314 Pe
1101 4267 1143 4316 lin.
1167 4268 1358 4318 ridear-AB.

161 4352 178 4399 3
199 4348 473 4413 perviles-Malla.
518 4349 534 4397 4
555 4348 729 4398 verum—C.
774 4349 1051 4398 aaudiwrie-EV.
1100 4350 1361 4401 tabularia-Am)

164 4432 407 4484 tabulario-CBV
422 4431 630 4481 amnne-a
666 4431 908 4480 credimus-incl.
929 4431 1031 4481 Novak.
1069 4433 1129 4482 let
1147 4435 1259 4500 [fam]
1274 4436 1362 4497 qratia
