3428 4912
467 316 652 368 unrocus
675 318 725 367 os
749 316 990 368 oaxromsus.
1284 299 1326 363 13

130 496 165 553 et
179 489 369 554 securitatis
389 491 649 568 excusationem,
667 513 745 556 curn
764 490 826 555 tibi
849 513 961 556 sumes
985 489 1210 556 adversarium
1233 511 1329 574 supe·

51 661 56 671 .
130 614 261 677 riorem.
308 614 403 679 nobis
419 616 499 679 satis
515 617 561 679 sit
581 616 728 700 privatas
753 638 865 679 caueae
881 623 916 680 et
931 616 1036 680 nostri
1052 616 1177 680 saeculi
1201 623 1330 679 contro-

130 739 255 802 versias
279 740 366 803 tueri
390 741 426 802 in
450 739 584 824 quibus,
606 740 804 832 [expressis]
832 742 861 805 si
885 740 1020 824 quando
1044 761 1176 804 necesse
1201 741 1246 804 sit
1268 761 1328 824 pro

130 863 341 946 periclitante
365 865 471 928 emico
496 866 723 949 potentiorum
747 887 842 929 aures
867 863 1046 941 offendere,
1067 874 1102 929 et
1125 863 1261 949 probata
1283 865 1329 928 sit

131 985 213 1051 fides
229 995 265 1051 et
280 987 414 1052 libertas
431 989 609 1052 excusata!
1345 1008 1378 1059 40

178 1109 226 1178 ll.
277 1111 371 1191 Quae
397 1134 474 1176 cum
498 1113 640 1178 dixisset
663 1115 757 1199 Aper
779 1115 897 1190 acrius,
923 1121 963 1178 ut
985 1113 1121 1189 solebat,
1139 1121 1174 1178 et
1196 1114 1327 1178 intento
1345 1128 1500 1178 Answerot

132 1257 198 1311 ore,
216 1237 372 1300 remissus
389 1245 425 1301 et
438 1237 615 1301 subridens
632 1238 807 1302 Maternus
824 1230 1024 1322 ‘parantem’
1040 1241 1153 1324 inquit
1165 1239 1245 1304 ‘me'
1261 1261 1327 1302 non
1345 1194 1517 1311 iiiiiiiiibot

132 1361 244 1423 minus
269 1360 328 1423 diu
352 1382 505 1425 accusare
530 1369 675 1426 oratores
692 1385 793 1447 quam
810 1364 903 1447 Aper
918 1361 1114 1426 laudaverat
1132 1361 1221 1450 (fore
1238 1361 1328 1425 enirn
1345 1327 1464 1390 PoeW

131 1483 314 1548 arbitraimr
336 1493 376 1548 ut
399 1507 419 1548 a
442 1485 634 1550 laudatione
659 1509 774 1551 eorum
798 1486 966 1573 digressus
991 1486 1190 1551 detrectaret
1214 1495 1328 1570 poetas

130 1618 234 1692 atque
251 1611 437 1674 carminum
452 1610 603 1674 studium
627 1614 869 1695 prosterneret)
887 1619 956 1674 arte
981 1611 1126 1695 quadarn
1148 1612 1326 1697 mitigavit,
1362 1627 1378 1676 5

130 1733 345 1798 concedendo
369 1736 410 1798 iis
426 1736 486 1820 qui
503 1756 618 1799 causas
635 1757 732 1821 agere
749 1705 816 1798 non
832 1744 968 1819 possent
984 1744 1023 1799 ut
1039 1757 1153 1801 versus
1170 1734 1327 1799 facerent.

131 1879 196 1942 ego
221 1867 344 1934 autem,
370 1860 459 1923 sicut
480 1860 516 1922 in
537 1861 645 1923 causis
666 1860 804 1945 agendis
827 1860 954 1924 efficere
971 1859 1102 1945 aliquid
1116 1868 1151 1924 et
1166 1861 1249 1924 eniti
1266 1860 1330 1923 for-

130 1990 217 2046 tasse
242 2004 389 2066 possum,
415 1985 462 2047 ita
489 1985 683 2048 recitatione
711 1983 958 2070 tragoediarum
986 1993 1020 2048 et
1047 1983 1178 2070 ingredi
1205 1984 1329 2048 famam

129 2108 325 2191 auspicatus
346 2129 431 2184 sum,
455 2130 532 2172 cunr
556 2108 692 2192 quidem
714 2110 750 2171 in
767 2108 934 2173 Neronem
953 2109 1135 2192 improbam
1154 2117 1189 2173 et
1204 2109 1330 2173 studio

128 2254 207 2295 rum
224 2253 361 2316 quoque
377 2254 469 2296 sacra
484 2232 717 2317 profanantem
730 2233 861 2296 Vatinii
878 2235 1062 2317 potentiam
1075 2233 1171 2318 fregi,
1185 2243 1214 2296 et
1229 2233 1327 2298 hodie
1347 2252 1378 2302 10

128 2357 157 2420 si
176 2356 260 2441 quid
277 2358 313 2419 in
330 2356 424 2420 nobis
441 2358 579 2421 notitiae
592 2379 629 2421 ac
643 2358 786 2420 nominis
800 2365 859 2432 est,
875 2358 980 2443 magis
993 2357 1132 2421 arbitror
1144 2360 1328 2421 carminum

130 2503 234 2566 quarn
251 2483 441 2545 orationum
456 2482 563 2566 gioria
578 2491 721 2566 parturn.
763 2503 799 2545 ac
820 2482 885 2544 iam
902 2504 954 2545 me
971 2481 1153 2567 deiungere
1170 2503 1189 2545 a
1205 2482 1328 2546 forensi

129 2605 241 2670 labore
259 2607 431 2679 constitui,
445 2628 506 2670 nec
522 2607 701 2670 comitatus
718 2607 798 2669 istos
810 2614 845 2669 et
861 2627 1013 2691 egressus
1029 2614 1090 2670 aut
1105 2606 1329 2691 frequentiam

130 2845 271 2904 clamores,
283 2859 317 2893 ex
329 2845 370 2894 his
382 2845 424 2896 ad.
433 2845 559 2895 -amer
571 2845 630 2895 elici
643 2845 695 2908 ing.
707 2858 741 2894 ex
752 2845 794 2894 his
806 2844 945 2895 Baehrens.
971 2846 1064 2907 possin
1076 2845 1129 2895 hic:
1145 2850 1192 2895 ‘ex
1204 2845 1260 2897 his.
1273 2884 1279 2897 .
1292 2848 1326 2907 .’,

130 2929 173 2977 hic
194 2933 215 2976 ‘.
238 2928 342 2976 .’-Ε.
364 2927 474 2976 mamas
491 2928 555 2977 hinc
568 2928 620 2991 ing.
641 2941 793 2987 concursus,
808 2942 842 2976 ex
854 2928 895 2976 his
906 2928 1170 2978 assensus-Heliam.
1198 2928 1248 2995 [et]
1263 2930 1330 2978 in—

130 3011 190 3060 udd.
210 3010 357 3061 Amiresen.
395 3011 534 3060 auditoriis
553 3010 784 3076 [poetamJ—ins.
806 3011 899 3060 Ritter.
943 3011 1063 3059 omnium
1082 3013 1215 3060 mox-E
1250 3012 1330 3061 *Post

130 3094 195 3142 ferri
208 3094 301 3141 stritmt
313 3093 435 3142 lmunam
445 3093 474 3142 F.
487 3094 522 3142 Α.
539 3092 611 3152 W⁰if
619 3107 698 3155 qaam
710 3093 839 3154 supplevit
851 3093 876 3143 1⁷
876 3093 968 3142 uttan:
984 3093 1054 3153 ferri
1068 3093 1126 3158 [sed
1138 3095 1286 3156 respondeo
1298 3109 1330 3144 eo

129 3176 239 3239 gravius
264 3176 439 3225 recitantibus
463 3175 611 3238 perieulum
637 3175 743 3242 afferri]
766 3175 920 3225 Andreecn:
949 3175 1007 3240 [sed
1028 3190 1060 3225 eo
1077 3176 1183 3226 facilius
1200 3178 1234 3227 ad
1252 3192 1331 3227 aures

130 3259 260 3321 principis
271 3259 489 3324 permanebunt}
527 3258 557 3308 37
571 3259 771 3308 causas-<aa
787 3259 846 3307 edit.
863 3259 968 3320 Bipont.
985 3258 1107 3325 (Koma).
1140 3260 1189 3308 38*
1200 3262 1331 3323 expressis

129 3342 252 3390 —ABD
276 3355 325 3390 om.
352 3342 383 3401 E,
409 3341 467 3390 dell.
494 3341 646 3401 Heumann,
672 3341 735 3391 Hm,
785 3341 983 3404 expressit-C
1007 3348 1035 3391 et
1057 3343 1187 3404 expressit
1211 3345 1329 3406 pro-V

130 3424 262 3487 expressit
279 3424 301 3471 si
319 3424 427 3485 quando
445 3424 752 3485 necessitas-Lipsius,
770 3423 824 3484 Np.
845 3424 1109 3486 expresse-Metti
1126 3426 1331 3487 exponendis-

132 3506 261 3567 Waqener
272 3506 595 3568 experienda-Philipp
607 3520 641 3555 ex
653 3520 680 3556 re
694 3506 928 3569 ipsa-Baehrens
940 3507 1214 3569 exercendis-Ima
1240 3509 1273 3557 39
1284 3522 1331 3571 po-

131 3590 363 3638 tentium-coni.
380 3589 519 3639 Baehrens.

169 3673 219 3732 11,
255 3674 270 3720 2
288 3679 437 3734 parantem,
452 3672 548 3734 inquit,
563 3686 646 3720 rne-
658 3671 772 3721 Waitter
783 3679 880 3735 parant
893 3672 957 3734 quid
969 3673 1041 3721 enim
1053 3686 1096 3721 me
1104 3702 1137 3709 —
1145 3674 1222 3722 ΑΒΙ)
1235 3679 1332 3735 parant

131 3756 206 3804 enim
219 3755 283 3817 quid
296 3754 458 3804 me-CBV
470 3756 621 3818 desperant.
637 3770 662 3806 n.
677 3755 741 3818 quid
756 3759 867 3805 me—A
879 3761 1019 3818 parantem
1032 3769 1074 3804 me
1087 3755 1329 3817 inquit—Betim,

133 3838 197 3887 Hm.
235 3837 580 3890 eradiant-Acamans.
617 3840 1205 3900 4detractare-Ddetractaret—Lipsius.
1236 3841 1332 3889 9¹*Ne-

131 3921 297 3971 rone-AB
317 3921 360 3970 Bc.
397 3921 650 3972 Nerone-CDEV
662 3923 717 3982 Pt,
734 3924 882 3985 imperante
896 3922 1142 3983 Nerone-Haupt
1156 3924 1197 3986 (L.
1211 3923 1329 3987 Miller),

132 4005 185 4054 Ma.
200 4003 254 4064 Np.
274 4003 322 4053 Mt.
336 4004 408 4055 And.
429 4006 456 4054 in
472 4007 735 4056 Neroniis-Osann
751 4008 801 4056 snb
819 4007 1072 4058 Nerone-Novak.
1110 4020 1246 4055 enormem
1265 4011 1332 4054 et—

134 4089 167 4137 Ε.
185 4086 265 4146 Woiff
278 4101 339 4136 curn
352 4088 460 4151 quidem
472 4104 493 4140 s.
508 4090 540 4140 N,
555 4128 561 4140 .
577 4127 584 4140 .
599 4127 605 4140 .
620 4090 687 4152 fregi
703 4093 763 4151 post
781 4105 888 4153 possum
901 4090 1032 4139 collocavit
1044 4090 1143 4150 IIelter,
1159 4089 1331 4150 corruptelam

134 4171 261 4220 indicarit
275 4170 365 4220 Halm.
400 4171 741 4235 improbatam-Pictam
754 4173 1046 4235 importunam-coni.
1062 4172 1152 4221 Hrdm.
1187 4173 1217 4221 10
1231 4172 1332 4221 Vatinii

131 4284 165 4292 -
177 4254 324 4303 Gronovius
336 4254 519 4304 vaticinii-o
531 4254 642 4304 Haackt
655 4255 787 4305 et-add.
800 4257 916 4316 Lipsius.
951 4254 1097 4304 *in—dell.
1113 4254 1263 4314 Acidaliae
1277 4255 1328 4303 Mc.

134 4336 372 4388 erumnam.
404 4339 433 4388 11
447 4337 697 4387 nominis-bPat.
713 4338 903 4388 numinis-a.
937 4338 1166 4399 l2patn1m-D.
1194 4336 1332 4399 diiungere
