<?xml version="1.0" encoding="UTF-8"?>
<!DOCTYPE html PUBLIC "-//W3C//DTD XHTML 1.0 Transitional//EN"
    "http://www.w3.org/TR/xhtml1/DTD/xhtml1-transitional.dtd">
<html xmlns="http://www.w3.org/1999/xhtml" xml:lang="en" lang="en">
 <head>
  <title>
</title>
<meta http-equiv="Content-Type" content="text/html;charset=utf-8" />
  <meta name='ocr-system' content='tesseract 3.04.00' />
  <meta name='ocr-capabilities' content='ocr_page ocr_carea ocr_par ocr_line ocrx_word'/>
</head>
<body>
  <div class='ocr_page' id='page_1' title='image "./dialogusdeorato00gudegoog_0184.png"; bbox 0 0 3428 4912; ppageno 0'>
   <div class='ocr_carea' id='block_1_1' title="bbox 444 291 1306 360">
    <p class='ocr_par' dir='ltr' id='par_1_1' title="bbox 444 291 1306 360">
     <span class='ocr_line' id='line_1_1' title="bbox 444 291 1306 360; baseline 0.001 -4"><span class='ocrx_word' id='word_1_1' title='bbox 444 307 630 358; x_wconf 80' lang='lat' dir='ltr'><strong>ouinoous</strong></span> <span class='ocrx_word' id='word_1_2' title='bbox 653 309 703 357; x_wconf 80' lang='lat' dir='ltr'><strong>nn</strong></span> <span class='ocrx_word' id='word_1_3' title='bbox 727 308 969 360; x_wconf 77' lang='lat' dir='ltr'><strong>onaronrsus</strong></span> <span class='ocrx_word' id='word_1_4' title='bbox 1265 291 1306 357; x_wconf 78' lang='grc'><strong>37</strong></span> 
     </span>
    </p>
   </div>
   <div class='ocr_carea' id='block_1_2' title="bbox 107 479 1305 572">
    <p class='ocr_par' dir='ltr' id='par_1_2' title="bbox 107 479 1305 572">
     <span class='ocr_line' id='line_1_2' title="bbox 107 479 1305 572; baseline 0 -28"><span class='ocrx_word' id='word_1_5' title='bbox 107 479 259 555; x_wconf 86' lang='lat' dir='ltr'><strong>chorum,</strong></span> <span class='ocrx_word' id='word_1_6' title='bbox 283 481 331 544; x_wconf 88' lang='lat' dir='ltr'><strong>sic</strong></span> <span class='ocrx_word' id='word_1_7' title='bbox 355 481 530 544; x_wconf 77' lang='lat' dir='ltr'><strong>Aureliam</strong></span> <span class='ocrx_word' id='word_1_8' title='bbox 554 480 715 558; x_wconf 83' lang='lat' dir='ltr'><strong>Caesarie,</strong></span> <span class='ocrx_word' id='word_1_9' title='bbox 741 483 789 547; x_wconf 87' lang='lat' dir='ltr'><strong>sic</strong></span> <span class='ocrx_word' id='word_1_10' title='bbox 812 483 927 547; x_wconf 83' lang='lat' dir='ltr'><strong>Atiam</strong></span> <span class='ocrx_word' id='word_1_11' title='bbox 951 483 1103 570; x_wconf 78' lang='lat' dir='ltr'>Augusti</span> <span class='ocrx_word' id='word_1_12' title='bbox 1131 482 1305 572; x_wconf 89' lang='lat' dir='ltr'><strong>[matrem]</strong></span> 
     </span>
    </p>
   </div>
   <div class='ocr_carea' id='block_1_3' title="bbox 107 603 1364 3184">
    <p class='ocr_par' dir='ltr' id='par_1_3' title="bbox 107 603 1360 1314">
     <span class='ocr_line' id='line_1_3' title="bbox 107 603 1310 692; baseline 0 -25"><span class='ocrx_word' id='word_1_13' title='bbox 107 603 293 688; x_wconf 76' lang='lat' dir='ltr'><strong>praefuisse</strong></span> <span class='ocrx_word' id='word_1_14' title='bbox 310 603 564 669; x_wconf 81' lang='lat' dir='ltr'><strong>educationibus</strong></span> <span class='ocrx_word' id='word_1_15' title='bbox 589 627 626 670; x_wconf 89' lang='lat' dir='ltr'><strong>ac</strong></span> <span class='ocrx_word' id='word_1_16' title='bbox 650 605 848 690; x_wconf 86' lang='lat' dir='ltr'><strong>produxisse</strong></span> <span class='ocrx_word' id='word_1_17' title='bbox 868 608 1034 692; x_wconf 85' lang='lat' dir='ltr'><strong>principes</strong></span> <span class='ocrx_word' id='word_1_18' title='bbox 1051 607 1170 671; x_wconf 89' lang='lat' dir='ltr'><strong>liberos</strong></span> <span class='ocrx_word' id='word_1_19' title='bbox 1186 606 1310 689; x_wconf 87' lang='lat' dir='ltr'><strong>accepi-</strong></span> 
     </span>
     <span class='ocr_line' id='line_1_4' title="bbox 108 727 1311 815; baseline 0.002 -24"><span class='ocrx_word' id='word_1_20' title='bbox 108 750 196 791; x_wconf 88' lang='lat' dir='ltr'><strong>mus.</strong></span> <span class='ocrx_word' id='word_1_21' title='bbox 245 750 331 812; x_wconf 90' lang='lat' dir='ltr'><strong>quae</strong></span> <span class='ocrx_word' id='word_1_22' title='bbox 355 727 532 813; x_wconf 83' lang='lat' dir='ltr'><strong>disciplina</strong></span> <span class='ocrx_word' id='word_1_23' title='bbox 555 751 592 794; x_wconf 88' lang='lat' dir='ltr'><strong>ac</strong></span> <span class='ocrx_word' id='word_1_24' title='bbox 616 731 776 795; x_wconf 84' lang='lat' dir='ltr'><strong>severitas</strong></span> <span class='ocrx_word' id='word_1_25' title='bbox 797 753 837 796; x_wconf 93' lang='lat' dir='ltr'><strong>eo</strong></span> <span class='ocrx_word' id='word_1_26' title='bbox 858 731 1055 815; x_wconf 82' lang='lat' dir='ltr'><strong>pertinebat,</strong></span> <span class='ocrx_word' id='word_1_27' title='bbox 1073 739 1114 795; x_wconf 92' lang='lat' dir='ltr'><strong>ut</strong></span> <span class='ocrx_word' id='word_1_28' title='bbox 1132 732 1260 795; x_wconf 89' lang='lat' dir='ltr'><strong>sincera</strong></span> <span class='ocrx_word' id='word_1_29' title='bbox 1275 737 1311 794; x_wconf 94' lang='lat' dir='ltr'><strong>et</strong></span> 
     </span>
     <span class='ocr_line' id='line_1_5' title="bbox 109 854 1360 940; baseline 0.002 -24"><span class='ocrx_word' id='word_1_30' title='bbox 109 855 244 940; x_wconf 84' lang='lat' dir='ltr'><strong>integra</strong></span> <span class='ocrx_word' id='word_1_31' title='bbox 271 860 307 918; x_wconf 92' lang='lat' dir='ltr'><strong>et</strong></span> <span class='ocrx_word' id='word_1_32' title='bbox 332 854 436 918; x_wconf 90' lang='lat' dir='ltr'><strong>nullis</strong></span> <span class='ocrx_word' id='word_1_33' title='bbox 462 855 685 939; x_wconf 83' lang='lat' dir='ltr'><strong>pravitatibus</strong></span> <span class='ocrx_word' id='word_1_34' title='bbox 713 855 844 921; x_wconf 87' lang='lat' dir='ltr'><strong>detorta</strong></span> <span class='ocrx_word' id='word_1_35' title='bbox 871 857 972 920; x_wconf 91' lang='lat' dir='ltr'><strong>unius</strong></span> <span class='ocrx_word' id='word_1_36' title='bbox 999 857 1163 940; x_wconf 90' lang='lat' dir='ltr'><strong>cuiusque</strong></span> <span class='ocrx_word' id='word_1_37' title='bbox 1191 863 1311 919; x_wconf 86' lang='lat' dir='ltr'><strong>natura</strong></span> <span class='ocrx_word' id='word_1_38' title='bbox 1327 871 1360 918; x_wconf 79' lang='lat'><strong>25</strong></span> 
     </span>
     <span class='ocr_line' id='line_1_6' title="bbox 111 979 1311 1064; baseline -0.001 -22"><span class='ocrx_word' id='word_1_39' title='bbox 111 987 184 1042; x_wconf 88' lang='lat' dir='ltr'><strong>toto</strong></span> <span class='ocrx_word' id='word_1_40' title='bbox 200 979 315 1041; x_wconf 89' lang='lat' dir='ltr'><strong>statim</strong></span> <span class='ocrx_word' id='word_1_41' title='bbox 331 986 464 1062; x_wconf 89' lang='lat' dir='ltr'><strong>pectore</strong></span> <span class='ocrx_word' id='word_1_42' title='bbox 480 980 641 1064; x_wconf 81' lang='lat' dir='ltr'><strong>arriperet</strong></span> <span class='ocrx_word' id='word_1_43' title='bbox 656 987 744 1044; x_wconf 86' lang='lat' dir='ltr'><strong>artes</strong></span> <span class='ocrx_word' id='word_1_44' title='bbox 761 980 927 1059; x_wconf 86' lang='lat' dir='ltr'><strong>honestas,</strong></span> <span class='ocrx_word' id='word_1_45' title='bbox 946 989 981 1045; x_wconf 90' lang='lat' dir='ltr'><strong>et</strong></span> <span class='ocrx_word' id='word_1_46' title='bbox 995 982 1066 1045; x_wconf 86' lang='lat' dir='ltr'><strong>sive</strong></span> <span class='ocrx_word' id='word_1_47' title='bbox 1078 979 1121 1044; x_wconf 89' lang='lat' dir='ltr'><strong>ad</strong></span> <span class='ocrx_word' id='word_1_48' title='bbox 1133 980 1311 1043; x_wconf 89' lang='lat' dir='ltr'><strong>militarem</strong></span> 
     </span>
     <span class='ocr_line' id='line_1_7' title="bbox 109 1102 1312 1189; baseline -0.002 -22"><span class='ocrx_word' id='word_1_49' title='bbox 109 1125 182 1167; x_wconf 88' lang='lat' dir='ltr'><strong>rem</strong></span> <span class='ocrx_word' id='word_1_50' title='bbox 206 1103 278 1167; x_wconf 88' lang='lat' dir='ltr'><strong>sive</strong></span> <span class='ocrx_word' id='word_1_51' title='bbox 302 1102 345 1166; x_wconf 91' lang='lat' dir='ltr'><strong>ad</strong></span> <span class='ocrx_word' id='word_1_52' title='bbox 363 1104 445 1166; x_wconf 87' lang='lat' dir='ltr'><strong>iuris</strong></span> <span class='ocrx_word' id='word_1_53' title='bbox 464 1104 639 1168; x_wconf 87' lang='lat' dir='ltr'><strong>scientiam</strong></span> <span class='ocrx_word' id='word_1_54' title='bbox 659 1105 731 1169; x_wconf 85' lang='lat' dir='ltr'><strong>sive</strong></span> <span class='ocrx_word' id='word_1_55' title='bbox 753 1104 796 1168; x_wconf 92' lang='lat' dir='ltr'><strong>ad</strong></span> <span class='ocrx_word' id='word_1_56' title='bbox 817 1105 1028 1189; x_wconf 87' lang='lat' dir='ltr'><strong>eloquentiae</strong></span> <span class='ocrx_word' id='word_1_57' title='bbox 1049 1104 1200 1168; x_wconf 88' lang='lat' dir='ltr'><strong>studium</strong></span> <span class='ocrx_word' id='word_1_58' title='bbox 1219 1103 1312 1166; x_wconf 89' lang='lat' dir='ltr'><strong>incli-</strong></span> 
     </span>
     <span class='ocr_line' id='line_1_8' title="bbox 111 1227 993 1314; baseline 0 -24"><span class='ocrx_word' id='word_1_59' title='bbox 111 1235 235 1303; x_wconf 84' lang='lat' dir='ltr'><strong>nasset,</strong></span> <span class='ocrx_word' id='word_1_60' title='bbox 253 1227 289 1291; x_wconf 96' lang='lat' dir='ltr'><strong>id</strong></span> <span class='ocrx_word' id='word_1_61' title='bbox 304 1227 414 1292; x_wconf 86' lang='lat' dir='ltr'><strong>solum</strong></span> <span class='ocrx_word' id='word_1_62' title='bbox 430 1235 553 1314; x_wconf 65' lang='lat' dir='ltr'><strong>ageret„</strong></span> <span class='ocrx_word' id='word_1_63' title='bbox 572 1228 608 1291; x_wconf 93' lang='lat' dir='ltr'><strong>id</strong></span> <span class='ocrx_word' id='word_1_64' title='bbox 623 1230 819 1293; x_wconf 84' lang='lat' dir='ltr'><strong>universum</strong></span> <span class='ocrx_word' id='word_1_65' title='bbox 835 1229 993 1293; x_wconf 88' lang='lat' dir='ltr'><strong>hauriret.</strong></span> 
     </span>
    </p>

    <p class='ocr_par' dir='ltr' id='par_1_4' title="bbox 111 1349 1364 3184">
     <span class='ocr_line' id='line_1_9' title="bbox 161 1349 1313 1440; baseline -0.005 -19"><span class='ocrx_word' id='word_1_66' title='bbox 161 1349 220 1421; x_wconf 78' lang='grc'><strong>29.</strong></span> <span class='ocrx_word' id='word_1_67' title='bbox 270 1352 322 1416; x_wconf 92' lang='lat' dir='ltr'><strong>At</strong></span> <span class='ocrx_word' id='word_1_68' title='bbox 344 1373 434 1416; x_wconf 92' lang='lat' dir='ltr'><strong>nunc</strong></span> <span class='ocrx_word' id='word_1_69' title='bbox 459 1360 558 1416; x_wconf 87' lang='lat' dir='ltr'><strong>natus</strong></span> <span class='ocrx_word' id='word_1_70' title='bbox 574 1353 686 1417; x_wconf 86' lang='lat' dir='ltr'><strong>infans</strong></span> <span class='ocrx_word' id='word_1_71' title='bbox 703 1352 879 1440; x_wconf 85' lang='lat' dir='ltr'><strong>delegatur</strong></span> <span class='ocrx_word' id='word_1_72' title='bbox 896 1352 1078 1417; x_wconf 83' lang='lat' dir='ltr'><strong>Graeculae</strong></span> <span class='ocrx_word' id='word_1_73' title='bbox 1095 1354 1197 1416; x_wconf 88' lang='lat' dir='ltr'><strong>alicui</strong></span> <span class='ocrx_word' id='word_1_74' title='bbox 1213 1352 1313 1415; x_wconf 89' lang='lat' dir='ltr'><strong>aneil-</strong></span> 
     </span>
     <span class='ocr_line' id='line_1_10' title="bbox 111 1477 1311 1564; baseline 0 -23"><span class='ocrx_word' id='word_1_75' title='bbox 111 1478 166 1542; x_wconf 87' lang='lat' dir='ltr'><strong>lae</strong></span> <span class='ocrx_word' id='word_1_76' title='bbox 182 1479 237 1541; x_wconf 90' lang='lat' dir='ltr'><strong>cui</strong></span> <span class='ocrx_word' id='word_1_77' title='bbox 254 1477 452 1564; x_wconf 81' lang='lat' dir='ltr'><strong>adiungitur</strong></span> <span class='ocrx_word' id='word_1_78' title='bbox 467 1500 555 1543; x_wconf 89' lang='lat' dir='ltr'><strong>unus</strong></span> <span class='ocrx_word' id='word_1_79' title='bbox 572 1486 632 1542; x_wconf 88' lang='lat' dir='ltr'><strong>aut</strong></span> <span class='ocrx_word' id='word_1_80' title='bbox 648 1478 733 1542; x_wconf 92' lang='lat' dir='ltr'><strong>alter</strong></span> <span class='ocrx_word' id='word_1_81' title='bbox 748 1501 790 1543; x_wconf 86' lang='lat' dir='ltr'><strong>ex</strong></span> <span class='ocrx_word' id='word_1_82' title='bbox 811 1479 965 1543; x_wconf 91' lang='lat' dir='ltr'><strong>omnibus</strong></span> <span class='ocrx_word' id='word_1_83' title='bbox 986 1479 1091 1543; x_wconf 81' lang='lat' dir='ltr'><strong>servis</strong></span> <span class='ocrx_word' id='word_1_84' title='bbox 1115 1478 1311 1562; x_wconf 87' lang='lat' dir='ltr'><strong>plerumque</strong></span> 
     </span>
     <span class='ocr_line' id='line_1_11' title="bbox 114 1602 1312 1687; baseline -0.001 -22"><span class='ocrx_word' id='word_1_85' title='bbox 114 1602 299 1667; x_wconf 87' lang='lat' dir='ltr'><strong>vilissimus</strong></span> <span class='ocrx_word' id='word_1_86' title='bbox 316 1623 377 1666; x_wconf 89' lang='lat' dir='ltr'><strong>nec</strong></span> <span class='ocrx_word' id='word_1_87' title='bbox 394 1604 551 1687; x_wconf 87' lang='lat' dir='ltr'><strong>cuiquam</strong></span> <span class='ocrx_word' id='word_1_88' title='bbox 567 1604 653 1667; x_wconf 91' lang='lat' dir='ltr'><strong>serio</strong></span> <span class='ocrx_word' id='word_1_89' title='bbox 669 1604 854 1668; x_wconf 86' lang='lat' dir='ltr'><strong>ministen&#39;o</strong></span> <span class='ocrx_word' id='word_1_90' title='bbox 871 1602 1150 1667; x_wconf 85' lang='lat' dir='ltr'><strong>adcommodatus.</strong></span> <span class='ocrx_word' id='word_1_91' title='bbox 1194 1602 1312 1665; x_wconf 90' lang='lat' dir='ltr'><strong>horum</strong></span> 
     </span>
     <span class='ocr_line' id='line_1_12' title="bbox 114 1726 1313 1818; baseline -0.001 -28"><span class='ocrx_word' id='word_1_92' title='bbox 114 1726 239 1791; x_wconf 85' lang='lat' dir='ltr'><strong>fabulis</strong></span> <span class='ocrx_word' id='word_1_93' title='bbox 264 1735 298 1791; x_wconf 90' lang='lat' dir='ltr'><strong>et</strong></span> <span class='ocrx_word' id='word_1_94' title='bbox 321 1727 485 1791; x_wconf 80' lang='lat' dir='ltr'><strong>amoribus</strong></span> <span class='ocrx_word' id='word_1_95' title='bbox 514 1727 582 1818; x_wconf 90' lang='lat' dir='ltr'><strong>[et]</strong></span> <span class='ocrx_word' id='word_1_96' title='bbox 608 1727 731 1792; x_wconf 84' lang='lat' dir='ltr'><strong>virides</strong></span> <span class='ocrx_word' id='word_1_97' title='bbox 748 1729 862 1791; x_wconf 87' lang='lat' dir='ltr'><strong>statim</strong></span> <span class='ocrx_word' id='word_1_98' title='bbox 879 1736 914 1792; x_wconf 91' lang='lat' dir='ltr'><strong>et</strong></span> <span class='ocrx_word' id='word_1_99' title='bbox 930 1728 1036 1792; x_wconf 89' lang='lat' dir='ltr'><strong>teneri</strong></span> <span class='ocrx_word' id='word_1_100' title='bbox 1057 1726 1190 1818; x_wconf 91' lang='lat' dir='ltr'><strong>[rudes]</strong></span> <span class='ocrx_word' id='word_1_101' title='bbox 1211 1728 1313 1790; x_wconf 89' lang='lat' dir='ltr'><strong>animi</strong></span> 
     </span>
     <span class='ocr_line' id='line_1_13' title="bbox 115 1850 1363 1937; baseline 0 -22"><span class='ocrx_word' id='word_1_102' title='bbox 115 1851 336 1927; x_wconf 90' lang='lat' dir='ltr'><strong>imbuuntur;</strong></span> <span class='ocrx_word' id='word_1_103' title='bbox 361 1873 423 1916; x_wconf 89' lang='lat' dir='ltr'><strong>nec</strong></span> <span class='ocrx_word' id='word_1_104' title='bbox 447 1854 626 1936; x_wconf 87' lang='lat' dir='ltr'><strong>quisquam</strong></span> <span class='ocrx_word' id='word_1_105' title='bbox 650 1853 686 1915; x_wconf 95' lang='lat' dir='ltr'><strong>in</strong></span> <span class='ocrx_word' id='word_1_106' title='bbox 710 1860 782 1916; x_wconf 88' lang='lat' dir='ltr'><strong>tota</strong></span> <span class='ocrx_word' id='word_1_107' title='bbox 805 1851 903 1916; x_wconf 89' lang='lat' dir='ltr'><strong>domo</strong></span> <span class='ocrx_word' id='word_1_108' title='bbox 927 1852 1021 1937; x_wconf 89' lang='lat' dir='ltr'><strong>pensi</strong></span> <span class='ocrx_word' id='word_1_109' title='bbox 1037 1852 1146 1928; x_wconf 75' lang='lat' dir='ltr'><strong>habet,</strong></span> <span class='ocrx_word' id='word_1_110' title='bbox 1164 1850 1247 1935; x_wconf 93' lang='lat' dir='ltr'><strong>quid</strong></span> <span class='ocrx_word' id='word_1_111' title='bbox 1263 1872 1315 1915; x_wconf 79' lang='lat' dir='ltr'><strong>co</strong></span> <span class='ocrx_word' id='word_1_112' title='bbox 1347 1873 1363 1922; x_wconf 82' lang='lat'>5</span> 
     </span>
     <span class='ocr_line' id='line_1_14' title="bbox 115 1976 1315 2060; baseline 0 -22"><span class='ocrx_word' id='word_1_113' title='bbox 115 1998 186 2039; x_wconf 87' lang='lat' dir='ltr'><strong>ram</strong></span> <span class='ocrx_word' id='word_1_114' title='bbox 210 1976 339 2041; x_wconf 83' lang='lat' dir='ltr'><strong>infante</strong></span> <span class='ocrx_word' id='word_1_115' title='bbox 364 1976 499 2041; x_wconf 89' lang='lat' dir='ltr'><strong>domino</strong></span> <span class='ocrx_word' id='word_1_116' title='bbox 523 1984 583 2041; x_wconf 90' lang='lat' dir='ltr'><strong>aut</strong></span> <span class='ocrx_word' id='word_1_117' title='bbox 605 1976 696 2041; x_wconf 88' lang='lat' dir='ltr'><strong>dieat</strong></span> <span class='ocrx_word' id='word_1_118' title='bbox 718 1985 778 2041; x_wconf 90' lang='lat' dir='ltr'><strong>aut</strong></span> <span class='ocrx_word' id='word_1_119' title='bbox 801 1977 912 2040; x_wconf 85' lang='lat' dir='ltr'><strong>faciat.</strong></span> <span class='ocrx_word' id='word_1_120' title='bbox 960 1977 1043 2060; x_wconf 95' lang='lat' dir='ltr'><strong>quin</strong></span> <span class='ocrx_word' id='word_1_121' title='bbox 1064 1977 1164 2041; x_wconf 88' lang='lat' dir='ltr'><strong>etiam</strong></span> <span class='ocrx_word' id='word_1_122' title='bbox 1180 1976 1244 2060; x_wconf 89' lang='lat' dir='ltr'><strong>ipsi</strong></span> <span class='ocrx_word' id='word_1_123' title='bbox 1260 1996 1315 2059; x_wconf 90' lang='lat' dir='ltr'><strong>pa·</strong></span> 
     </span>
     <span class='ocr_line' id='line_1_15' title="bbox 116 2098 1314 2185; baseline -0.002 -21"><span class='ocrx_word' id='word_1_124' title='bbox 116 2110 228 2165; x_wconf 87' lang='lat' dir='ltr'><strong>rentes</strong></span> <span class='ocrx_word' id='word_1_125' title='bbox 251 2123 316 2163; x_wconf 80' lang='lat' dir='ltr'><strong>aaa</strong></span> <span class='ocrx_word' id='word_1_126' title='bbox 337 2100 495 2185; x_wconf 86' lang='lat' dir='ltr'><strong>probitati</strong></span> <span class='ocrx_word' id='word_1_127' title='bbox 512 2123 621 2185; x_wconf 91' lang='lat' dir='ltr'><strong>neque</strong></span> <span class='ocrx_word' id='word_1_128' title='bbox 638 2100 819 2164; x_wconf 87' lang='lat' dir='ltr'><strong>modestiae</strong></span> <span class='ocrx_word' id='word_1_129' title='bbox 836 2100 991 2185; x_wconf 69' lang='lat' dir='ltr'><strong>parvulos</strong></span> <span class='ocrx_word' id='word_1_130' title='bbox 1007 2098 1241 2164; x_wconf 80' lang='lat' dir='ltr'><strong>adsuefaciunt</strong></span> <span class='ocrx_word' id='word_1_131' title='bbox 1255 2098 1314 2164; x_wconf 88' lang='lat' dir='ltr'><strong>sed</strong></span> 
     </span>
     <span class='ocr_line' id='line_1_16' title="bbox 115 2223 1314 2310; baseline 0 -22"><span class='ocrx_word' id='word_1_132' title='bbox 115 2225 273 2288; x_wconf 79' lang='lat' dir='ltr'><strong>lasciviae</strong></span> <span class='ocrx_word' id='word_1_133' title='bbox 290 2232 325 2288; x_wconf 87' lang='lat' dir='ltr'><strong>ct</strong></span> <span class='ocrx_word' id='word_1_134' title='bbox 340 2223 509 2289; x_wconf 86' lang='lat' dir='ltr'><strong>dicacitati</strong></span> <span class='ocrx_word' id='word_1_135' title='bbox 524 2247 584 2309; x_wconf 89' lang='lat' dir='ltr'><strong>per</strong></span> <span class='ocrx_word' id='word_1_136' title='bbox 599 2246 684 2309; x_wconf 88' lang='lat' dir='ltr'><strong>quae</strong></span> <span class='ocrx_word' id='word_1_137' title='bbox 701 2225 864 2310; x_wconf 90' lang='lat' dir='ltr'><strong>paulatim</strong></span> <span class='ocrx_word' id='word_1_138' title='bbox 880 2224 1089 2308; x_wconf 89' lang='lat' dir='ltr'><strong>impudentia</strong></span> <span class='ocrx_word' id='word_1_139' title='bbox 1111 2224 1236 2308; x_wconf 87' lang='lat' dir='ltr'><strong>inrepit</strong></span> <span class='ocrx_word' id='word_1_140' title='bbox 1263 2223 1314 2309; x_wconf 87' lang='lat' dir='ltr'><strong>[et</strong></span> 
     </span>
     <span class='ocr_line' id='line_1_17' title="bbox 115 2348 1314 2440; baseline -0.003 -27"><span class='ocrx_word' id='word_1_141' title='bbox 115 2351 170 2413; x_wconf 91' lang='lat' dir='ltr'><strong>sui</strong></span> <span class='ocrx_word' id='word_1_142' title='bbox 202 2348 369 2433; x_wconf 89' lang='lat' dir='ltr'><strong>alienique</strong></span> <span class='ocrx_word' id='word_1_143' title='bbox 402 2354 645 2440; x_wconf 66' lang='lat' dir='ltr'><strong>contemptus}</strong></span> <span class='ocrx_word' id='word_1_144' title='bbox 708 2351 774 2412; x_wconf 94' lang='lat' dir='ltr'><strong>iam</strong></span> <span class='ocrx_word' id='word_1_145' title='bbox 803 2371 880 2414; x_wconf 86' lang='lat' dir='ltr'><strong>vero</strong></span> <span class='ocrx_word' id='word_1_146' title='bbox 911 2350 1042 2432; x_wconf 84' lang='lat' dir='ltr'><strong>propria</strong></span> <span class='ocrx_word' id='word_1_147' title='bbox 1073 2356 1108 2413; x_wconf 91' lang='lat' dir='ltr'><strong>et</strong></span> <span class='ocrx_word' id='word_1_148' title='bbox 1134 2349 1314 2433; x_wconf 86' lang='lat' dir='ltr'><strong>peculiaria</strong></span> 
     </span>
     <span class='ocr_line' id='line_1_18' title="bbox 116 2472 1364 2557; baseline 0.003 -20"><span class='ocrx_word' id='word_1_149' title='bbox 116 2474 218 2538; x_wconf 86' lang='lat' dir='ltr'><strong>huius</strong></span> <span class='ocrx_word' id='word_1_150' title='bbox 235 2472 325 2536; x_wconf 92' lang='lat' dir='ltr'><strong>urbis</strong></span> <span class='ocrx_word' id='word_1_151' title='bbox 342 2474 425 2536; x_wconf 90' lang='lat' dir='ltr'><strong>vitia</strong></span> <span class='ocrx_word' id='word_1_152' title='bbox 447 2495 552 2557; x_wconf 91' lang='lat' dir='ltr'><strong>paene</strong></span> <span class='ocrx_word' id='word_1_153' title='bbox 577 2475 612 2536; x_wconf 95' lang='lat' dir='ltr'><strong>in</strong></span> <span class='ocrx_word' id='word_1_154' title='bbox 636 2481 732 2538; x_wconf 86' lang='lat' dir='ltr'><strong>utero</strong></span> <span class='ocrx_word' id='word_1_155' title='bbox 755 2474 869 2537; x_wconf 85' lang='lat' dir='ltr'><strong>matris</strong></span> <span class='ocrx_word' id='word_1_156' title='bbox 894 2474 1024 2557; x_wconf 88' lang='lat' dir='ltr'><strong>concipi</strong></span> <span class='ocrx_word' id='word_1_157' title='bbox 1048 2474 1130 2537; x_wconf 91' lang='lat' dir='ltr'><strong>mihi</strong></span> <span class='ocrx_word' id='word_1_158' title='bbox 1145 2473 1312 2549; x_wconf 85' lang='lat' dir='ltr'><strong>videntur,</strong></span> <span class='ocrx_word' id='word_1_159' title='bbox 1333 2492 1364 2541; x_wconf 86' lang='lat'><strong>10</strong></span> 
     </span>
     <span class='ocr_line' id='line_1_19' title="bbox 116 2595 1314 2683; baseline 0 -22"><span class='ocrx_word' id='word_1_160' title='bbox 116 2598 322 2662; x_wconf 87' lang='lat' dir='ltr'><strong>histrionalis</strong></span> <span class='ocrx_word' id='word_1_161' title='bbox 347 2595 502 2662; x_wconf 80' lang='lat' dir='ltr'><strong>faveret</strong></span> <span class='ocrx_word' id='word_1_162' title='bbox 526 2597 750 2683; x_wconf 85' lang='lat' dir='ltr'><strong>gladiatorum</strong></span> <span class='ocrx_word' id='word_1_163' title='bbox 775 2619 1005 2682; x_wconf 89' lang='lat' dir='ltr'><strong>equorumque</strong></span> <span class='ocrx_word' id='word_1_164' title='bbox 1031 2598 1162 2662; x_wconf 86' lang='lat' dir='ltr'><strong>studia:</strong></span> <span class='ocrx_word' id='word_1_165' title='bbox 1193 2598 1314 2683; x_wconf 86' lang='lat' dir='ltr'><strong>quibus</strong></span> 
     </span>
     <span class='ocr_line' id='line_1_20' title="bbox 117 2721 1314 2806; baseline -0.002 -19"><span class='ocrx_word' id='word_1_166' title='bbox 117 2730 301 2805; x_wconf 86' lang='lat' dir='ltr'><strong>occupatus</strong></span> <span class='ocrx_word' id='word_1_167' title='bbox 333 2730 368 2786; x_wconf 89' lang='lat' dir='ltr'><strong>et</strong></span> <span class='ocrx_word' id='word_1_168' title='bbox 399 2721 550 2786; x_wconf 86' lang='lat' dir='ltr'><strong>obsessus</strong></span> <span class='ocrx_word' id='word_1_169' title='bbox 583 2722 713 2786; x_wconf 87' lang='lat' dir='ltr'><strong>animus</strong></span> <span class='ocrx_word' id='word_1_170' title='bbox 745 2722 948 2806; x_wconf 90' lang='lat' dir='ltr'><strong>quantulum</strong></span> <span class='ocrx_word' id='word_1_171' title='bbox 975 2722 1041 2786; x_wconf 89' lang='lat' dir='ltr'><strong>loci</strong></span> <span class='ocrx_word' id='word_1_172' title='bbox 1068 2721 1163 2786; x_wconf 88' lang='lat' dir='ltr'><strong>bonis</strong></span> <span class='ocrx_word' id='word_1_173' title='bbox 1189 2721 1314 2786; x_wconf 83' lang='lat' dir='ltr'><strong>artibus</strong></span> 
     </span>
     <span class='ocr_line' id='line_1_21' title="bbox 115 2846 1314 2930; baseline -0.003 -20"><span class='ocrx_word' id='word_1_174' title='bbox 115 2846 304 2930; x_wconf 84' lang='lat' dir='ltr'><strong>relinquit?</strong></span> <span class='ocrx_word' id='word_1_175' title='bbox 363 2853 506 2929; x_wconf 88' lang='lat' dir='ltr'><strong>quotum</strong></span> <span class='ocrx_word' id='word_1_176' title='bbox 541 2866 710 2930; x_wconf 89' lang='lat' dir='ltr'><strong>quemque</strong></span> <span class='ocrx_word' id='word_1_177' title='bbox 743 2846 894 2910; x_wconf 88' lang='lat' dir='ltr'><strong>invenies</strong></span> <span class='ocrx_word' id='word_1_178' title='bbox 922 2847 982 2930; x_wconf 90' lang='lat' dir='ltr'><strong>qui</strong></span> <span class='ocrx_word' id='word_1_179' title='bbox 1013 2846 1103 2910; x_wconf 89' lang='lat' dir='ltr'><strong>domi</strong></span> <span class='ocrx_word' id='word_1_180' title='bbox 1135 2846 1314 2929; x_wconf 88' lang='lat' dir='ltr'><strong>quicquam</strong></span> 
     </span>
     <span class='ocr_line' id='line_1_22' title="bbox 115 3035 1313 3098; baseline -0.002 -11"><span class='ocrx_word' id='word_1_181' title='bbox 115 3038 147 3087; x_wconf 80' lang='lat'><strong>21</strong></span> <span class='ocrx_word' id='word_1_182' title='bbox 174 3035 551 3098; x_wconf 78' lang='lat' dir='ltr'><strong>temperabant-Buebrena.</strong></span> <span class='ocrx_word' id='word_1_183' title='bbox 602 3038 635 3087; x_wconf 79' lang='lat'><strong>22</strong></span> <span class='ocrx_word' id='word_1_184' title='bbox 659 3037 912 3087; x_wconf 79' lang='lat' dir='ltr'><strong>Atiam-Ernesti</strong></span> <span class='ocrx_word' id='word_1_185' title='bbox 934 3037 1115 3086; x_wconf 76' lang='lat' dir='ltr'><strong>Acciam-a</strong></span> <span class='ocrx_word' id='word_1_186' title='bbox 1143 3037 1313 3086; x_wconf 89' lang='lat' dir='ltr'><strong>actlam-B</strong></span> 
     </span>
     <span class='ocr_line' id='line_1_23' title="bbox 116 3118 1311 3184; baseline 0 -16"><span class='ocrx_word' id='word_1_187' title='bbox 116 3118 339 3169; x_wconf 82' lang='lat' dir='ltr'><strong>matrem-dell.</strong></span> <span class='ocrx_word' id='word_1_188' title='bbox 362 3120 477 3180; x_wconf 79' lang='lat' dir='ltr'><strong>Sauppe,</strong></span> <span class='ocrx_word' id='word_1_189' title='bbox 501 3118 555 3179; x_wconf 81' lang='lat' dir='ltr'><strong>Np.</strong></span> <span class='ocrx_word' id='word_1_190' title='bbox 576 3119 640 3168; x_wconf 86' lang='lat' dir='ltr'><strong>Hm.</strong></span> <span class='ocrx_word' id='word_1_191' title='bbox 661 3119 709 3168; x_wconf 86' lang='lat' dir='ltr'><strong>Ml.</strong></span> <span class='ocrx_word' id='word_1_192' title='bbox 725 3119 776 3179; x_wconf 87' lang='lat' dir='ltr'><strong>Ws.</strong></span> <span class='ocrx_word' id='word_1_193' title='bbox 794 3119 867 3168; x_wconf 82' lang='lat' dir='ltr'><strong>And.</strong></span> <span class='ocrx_word' id='word_1_194' title='bbox 904 3121 936 3168; x_wconf 79' lang='lat'><strong>25</strong></span> <span class='ocrx_word' id='word_1_195' title='bbox 954 3124 981 3168; x_wconf 88' lang='lat' dir='ltr'><strong>et</strong></span> <span class='ocrx_word' id='word_1_196' title='bbox 1000 3119 1311 3184; x_wconf 79' lang='lat' dir='ltr'><strong>[in1-del.Rbenonns.</strong></span> 
     </span>
    </p>
   </div>
   <div class='ocr_carea' id='block_1_4' title="bbox 116 3201 1315 3264">
    <p class='ocr_par' dir='ltr' id='par_1_5' title="bbox 116 3201 1315 3264">
     <span class='ocr_line' id='line_1_24' title="bbox 116 3201 1315 3264; baseline -0.001 -13"><span class='ocrx_word' id='word_1_197' title='bbox 116 3206 151 3252; x_wconf 77' lang='grc'><strong>26</strong></span> <span class='ocrx_word' id='word_1_198' title='bbox 169 3202 263 3251; x_wconf 83' lang='lat' dir='ltr'><strong>statim</strong></span> <span class='ocrx_word' id='word_1_199' title='bbox 280 3202 419 3250; x_wconf 82' lang='lat' dir='ltr'><strong>toto-D.</strong></span> <span class='ocrx_word' id='word_1_200' title='bbox 457 3202 647 3264; x_wconf 86' lang='lat' dir='ltr'><strong>arripere-V</strong></span> <span class='ocrx_word' id='word_1_201' title='bbox 667 3202 998 3264; x_wconf 76' lang='lat' dir='ltr'><strong>acciperet-Nettleebip.</strong></span> <span class='ocrx_word' id='word_1_202' title='bbox 1042 3201 1201 3252; x_wconf 70' lang='lat' dir='ltr'><strong>&#39;militarem</strong></span> <span class='ocrx_word' id='word_1_203' title='bbox 1221 3216 1315 3250; x_wconf 87' lang='lat' dir='ltr'><strong>rem-</strong></span> 
     </span>
    </p>
   </div>
   <div class='ocr_carea' id='block_1_5' title="bbox 116 3300 1074 3419">
    <p class='ocr_par' dir='ltr' id='par_1_6' title="bbox 116 3300 1074 3419">
     <span class='ocr_line' id='line_1_25' title="bbox 116 3300 1074 3419; baseline -0.001 -17"><span class='ocrx_word' id='word_1_204' title='bbox 116 3353 185 3402; x_wconf 81' lang='lat' dir='ltr'><strong>ooat.</strong></span> <span class='ocrx_word' id='word_1_205' title='bbox 201 3352 293 3402; x_wconf 83' lang='lat' dir='ltr'><strong>Halm.</strong></span> <span class='ocrx_word' id='word_1_206' title='bbox 308 3365 364 3401; x_wconf 80' lang='lat' dir='ltr'><strong>rem</strong></span> <span class='ocrx_word' id='word_1_207' title='bbox 376 3351 587 3401; x_wconf 75' lang='lat' dir='ltr'><strong>militarem—e</strong></span> <span class='ocrx_word' id='word_1_208' title='bbox 599 3366 752 3402; x_wconf 80' lang='lat' dir='ltr'><strong>rem-om.</strong></span> <span class='ocrx_word' id='word_1_209' title='bbox 768 3352 818 3401; x_wconf 83' lang='lat' dir='ltr'><strong>AB</strong></span> <span class='ocrx_word' id='word_1_210' title='bbox 832 3352 860 3416; x_wconf 81' lang='lat' dir='ltr'><strong>(i.</strong></span> <span class='ocrx_word' id='word_1_211' title='bbox 876 3366 896 3402; x_wconf 89' lang='lat' dir='ltr'><strong>e.</strong></span> <span class='ocrx_word' id='word_1_212' title='bbox 912 3300 1074 3419; x_wconf 56' lang='lat' dir='ltr'><strong>milletbliem).</strong></span> 
     </span>
    </p>
   </div>
   <div class='ocr_carea' id='block_1_6' title="bbox 117 3435 1317 4004">
    <p class='ocr_par' dir='ltr' id='par_1_7' title="bbox 117 3435 1317 4004">
     <span class='ocr_line' id='line_1_26' title="bbox 152 3435 1316 3497; baseline 0.002 -14"><span class='ocrx_word' id='word_1_213' title='bbox 152 3435 204 3495; x_wconf 76' lang='lat'><strong>29,</strong></span> <span class='ocrx_word' id='word_1_214' title='bbox 242 3436 253 3483; x_wconf 94' lang='lat' dir='ltr'><strong>l</strong></span> <span class='ocrx_word' id='word_1_215' title='bbox 268 3435 373 3484; x_wconf 86' lang='lat' dir='ltr'><strong>ac-D</strong></span> <span class='ocrx_word' id='word_1_216' title='bbox 385 3436 543 3496; x_wconf 76' lang='lat' dir='ltr'><strong>atque-V.</strong></span> <span class='ocrx_word' id='word_1_217' title='bbox 575 3436 631 3484; x_wconf 74' lang='lat' dir='ltr'><strong>let</strong></span> <span class='ocrx_word' id='word_1_218' title='bbox 642 3435 952 3496; x_wconf 79' lang='lat' dir='ltr'><strong>moribus-discipulus</strong></span> <span class='ocrx_word' id='word_1_219' title='bbox 964 3435 1072 3497; x_wconf 79' lang='lat' dir='ltr'><strong>quidam</strong></span> <span class='ocrx_word' id='word_1_220' title='bbox 1088 3435 1206 3486; x_wconf 75' lang='lat' dir='ltr'><strong>Classem·</strong></span> <span class='ocrx_word' id='word_1_221' title='bbox 1220 3437 1316 3485; x_wconf 89' lang='lat' dir='ltr'><strong>amori-</strong></span> 
     </span>
     <span class='ocr_line' id='line_1_27' title="bbox 117 3517 1317 3580; baseline 0 -13"><span class='ocrx_word' id='word_1_222' title='bbox 117 3518 300 3567; x_wconf 70' lang='lat' dir='ltr'><strong>bus-Rider</strong></span> <span class='ocrx_word' id='word_1_223' title='bbox 311 3517 519 3566; x_wconf 84' lang='lat' dir='ltr'><strong>sermonibua—</strong></span> <span class='ocrx_word' id='word_1_224' title='bbox 527 3518 698 3569; x_wconf 72' lang='lat' dir='ltr'><strong>Cornelissen.</strong></span> <span class='ocrx_word' id='word_1_225' title='bbox 724 3519 854 3569; x_wconf 56' lang='lat' dir='ltr'><strong>eridm.</strong></span> <span class='ocrx_word' id='word_1_226' title='bbox 868 3557 874 3569; x_wconf 94' lang='lat'><strong>.</strong></span> <span class='ocrx_word' id='word_1_227' title='bbox 887 3557 893 3569; x_wconf 96' lang='lat'><strong>.</strong></span> <span class='ocrx_word' id='word_1_228' title='bbox 905 3525 932 3569; x_wconf 86' lang='lat' dir='ltr'><strong>et</strong></span> <span class='ocrx_word' id='word_1_229' title='bbox 944 3519 1170 3580; x_wconf 75' lang='lat' dir='ltr'><strong>teneri—scripti</strong></span> <span class='ocrx_word' id='word_1_230' title='bbox 1181 3524 1209 3567; x_wconf 85' lang='lat' dir='ltr'><strong>et</strong></span> <span class='ocrx_word' id='word_1_231' title='bbox 1219 3518 1317 3567; x_wconf 84' lang='lat' dir='ltr'><strong>virides</strong></span> 
     </span>
     <span class='ocr_line' id='line_1_28' title="bbox 117 3602 1316 3668; baseline -0.002 -16"><span class='ocrx_word' id='word_1_232' title='bbox 117 3602 303 3652; x_wconf 82' lang='lat' dir='ltr'><strong>teneri-AB</strong></span> <span class='ocrx_word' id='word_1_233' title='bbox 321 3608 349 3651; x_wconf 89' lang='lat' dir='ltr'><strong>et</strong></span> <span class='ocrx_word' id='word_1_234' title='bbox 360 3602 554 3653; x_wconf 84' lang='lat' dir='ltr'><strong>virides-del.</strong></span> <span class='ocrx_word' id='word_1_235' title='bbox 569 3605 594 3652; x_wconf 93' lang='lat' dir='ltr'><strong>b.</strong></span> <span class='ocrx_word' id='word_1_236' title='bbox 609 3618 658 3654; x_wconf 84' lang='lat' dir='ltr'><strong>om.</strong></span> <span class='ocrx_word' id='word_1_237' title='bbox 674 3605 736 3653; x_wconf 79' lang='lat' dir='ltr'><strong>Pet.</strong></span> <span class='ocrx_word' id='word_1_238' title='bbox 755 3611 782 3654; x_wconf 87' lang='lat' dir='ltr'><strong>et</strong></span> <span class='ocrx_word' id='word_1_239' title='bbox 793 3604 859 3654; x_wconf 82' lang='lat' dir='ltr'><strong>viles</strong></span> <span class='ocrx_word' id='word_1_240' title='bbox 871 3604 891 3654; x_wconf 87' lang='lat' dir='ltr'>C</span> <span class='ocrx_word' id='word_1_241' title='bbox 905 3604 950 3668; x_wconf 87' lang='lat' dir='ltr'><strong>(ad</strong></span> <span class='ocrx_word' id='word_1_242' title='bbox 962 3604 1103 3668; x_wconf 85' lang='lat' dir='ltr'><strong>vires-c)</strong></span> <span class='ocrx_word' id='word_1_243' title='bbox 1117 3608 1145 3651; x_wconf 88' lang='lat' dir='ltr'><strong>et</strong></span> <span class='ocrx_word' id='word_1_244' title='bbox 1156 3602 1316 3651; x_wconf 82' lang='lat' dir='ltr'><strong>vires-DA</strong></span> 
     </span>
     <span class='ocr_line' id='line_1_29' title="bbox 117 3684 1317 3747; baseline -0.003 -10"><span class='ocrx_word' id='word_1_245' title='bbox 117 3695 147 3737; x_wconf 85' lang='lat' dir='ltr'><strong>et</strong></span> <span class='ocrx_word' id='word_1_246' title='bbox 159 3685 342 3736; x_wconf 61' lang='lat' dir='ltr'><strong>vides-vu*</strong></span> <span class='ocrx_word' id='word_1_247' title='bbox 354 3688 383 3736; x_wconf 78' lang='lat' dir='ltr'><strong>tn</strong></span> <span class='ocrx_word' id='word_1_248' title='bbox 395 3687 491 3737; x_wconf 81' lang='lat' dir='ltr'><strong>lacuna</strong></span> <span class='ocrx_word' id='word_1_249' title='bbox 508 3688 654 3738; x_wconf 74' lang='lat' dir='ltr'><strong>rudes-v</strong></span> <span class='ocrx_word' id='word_1_250' title='bbox 665 3689 780 3738; x_wconf 85' lang='lat' dir='ltr'><strong>virides.</strong></span> <span class='ocrx_word' id='word_1_251' title='bbox 797 3727 803 3738; x_wconf 94' lang='lat'><strong>.</strong></span> <span class='ocrx_word' id='word_1_252' title='bbox 819 3726 825 3739; x_wconf 95' lang='lat'><strong>.</strong></span> <span class='ocrx_word' id='word_1_253' title='bbox 840 3695 867 3739; x_wconf 88' lang='lat' dir='ltr'><strong>et</strong></span> <span class='ocrx_word' id='word_1_254' title='bbox 884 3688 1113 3747; x_wconf 79' lang='lat' dir='ltr'><strong>rudes-Kanat,</strong></span> <span class='ocrx_word' id='word_1_255' title='bbox 1130 3685 1181 3745; x_wconf 86' lang='lat' dir='ltr'><strong>Ws.</strong></span> <span class='ocrx_word' id='word_1_256' title='bbox 1201 3688 1229 3735; x_wconf 88' lang='lat' dir='ltr'><strong>et</strong></span> <span class='ocrx_word' id='word_1_257' title='bbox 1245 3684 1317 3734; x_wconf 84' lang='lat' dir='ltr'><strong>vitiis</strong></span> 
     </span>
     <span class='ocr_line' id='line_1_30' title="bbox 117 3768 1313 3839; baseline -0.005 -16"><span class='ocrx_word' id='word_1_258' title='bbox 117 3788 139 3823; x_wconf 86' lang='lat' dir='ltr'><strong>r.</strong></span> <span class='ocrx_word' id='word_1_259' title='bbox 154 3786 176 3821; x_wconf 82' lang='lat' dir='ltr'><strong>e.</strong></span> <span class='ocrx_word' id='word_1_260' title='bbox 191 3777 219 3821; x_wconf 88' lang='lat' dir='ltr'><strong>et</strong></span> <span class='ocrx_word' id='word_1_261' title='bbox 229 3777 249 3820; x_wconf 80' lang='lat' dir='ltr'><strong>t.</strong></span> <span class='ocrx_word' id='word_1_262' title='bbox 258 3771 431 3832; x_wconf 66' lang='lat' dir='ltr'><strong>-Ecketetm</strong></span> <span class='ocrx_word' id='word_1_263' title='bbox 444 3772 497 3822; x_wconf 83' lang='lat' dir='ltr'><strong>Me.</strong></span> <span class='ocrx_word' id='word_1_264' title='bbox 517 3773 561 3822; x_wconf 83' lang='lat' dir='ltr'><strong>Pt.</strong></span> <span class='ocrx_word' id='word_1_265' title='bbox 584 3772 623 3837; x_wconf 88' lang='lat' dir='ltr'><strong>[et</strong></span> <span class='ocrx_word' id='word_1_266' title='bbox 634 3772 743 3839; x_wconf 81' lang='lat' dir='ltr'><strong>virides]</strong></span> <span class='ocrx_word' id='word_1_267' title='bbox 752 3772 850 3822; x_wconf 74' lang='lat' dir='ltr'><strong>—delt</strong></span> <span class='ocrx_word' id='word_1_268' title='bbox 871 3773 956 3821; x_wconf 84' lang='lat' dir='ltr'><strong>Halm</strong></span> <span class='ocrx_word' id='word_1_269' title='bbox 968 3771 1172 3834; x_wconf 72' lang='lat' dir='ltr'><strong>dittoyrapbtam</strong></span> <span class='ocrx_word' id='word_1_270' title='bbox 1184 3768 1313 3818; x_wconf 80' lang='lat' dir='ltr'><strong>verborum</strong></span> 
     </span>
     <span class='ocr_line' id='line_1_31' title="bbox 117 3853 1313 3919; baseline -0.005 -12"><span class='ocrx_word' id='word_1_271' title='bbox 117 3857 240 3907; x_wconf 80' lang='lat' dir='ltr'><strong>etrudes</strong></span> <span class='ocrx_word' id='word_1_272' title='bbox 250 3859 376 3917; x_wconf 62' lang='lat' dir='ltr'><strong>ctutum</strong></span> <span class='ocrx_word' id='word_1_273' title='bbox 389 3857 444 3918; x_wconf 68' lang='grc' dir='ltr'><strong>ΝΡ.</strong></span> <span class='ocrx_word' id='word_1_274' title='bbox 459 3856 504 3907; x_wconf 78' lang='lat' dir='ltr'><strong>Ba.</strong></span> <span class='ocrx_word' id='word_1_275' title='bbox 519 3856 568 3906; x_wconf 83' lang='lat' dir='ltr'><strong>Ml.</strong></span> <span class='ocrx_word' id='word_1_276' title='bbox 604 3856 748 3906; x_wconf 76' lang='lat' dir='ltr'><strong>tdomino</strong></span> <span class='ocrx_word' id='word_1_277' title='bbox 764 3856 909 3905; x_wconf 87' lang='lat' dir='ltr'><strong>dicat-D</strong></span> <span class='ocrx_word' id='word_1_278' title='bbox 943 3856 991 3919; x_wconf 87' lang='lat' dir='ltr'><strong>ipsl</strong></span> <span class='ocrx_word' id='word_1_279' title='bbox 1007 3856 1072 3918; x_wconf 89' lang='lat' dir='ltr'><strong>quin</strong></span> <span class='ocrx_word' id='word_1_280' title='bbox 1085 3853 1313 3903; x_wconf 71' lang='lat' dir='ltr'><strong>etiam-mollem.</strong></span> 
     </span>
     <span class='ocr_line' id='line_1_32' title="bbox 118 3922 1316 4004; baseline -0.005 -11"><span class='ocrx_word' id='word_1_281' title='bbox 118 3945 132 3992; x_wconf 81' lang='grc' dir='ltr'><strong><em>τ</em></strong></span> <span class='ocrx_word' id='word_1_282' title='bbox 156 3942 368 4004; x_wconf 66' lang='lat' dir='ltr'><strong>non-rama,</strong></span> <span class='ocrx_word' id='word_1_283' title='bbox 389 3942 453 3992; x_wconf 78' lang='lat' dir='ltr'><strong>nm.</strong></span> <span class='ocrx_word' id='word_1_284' title='bbox 476 3942 520 3992; x_wconf 66' lang='lat' dir='ltr'><strong>aa.</strong></span> <span class='ocrx_word' id='word_1_285' title='bbox 539 3941 592 4001; x_wconf 81' lang='lat' dir='ltr'><strong>Ws.</strong></span> <span class='ocrx_word' id='word_1_286' title='bbox 613 3941 685 3991; x_wconf 66' lang='lat' dir='ltr'><strong>Aac.</strong></span> <span class='ocrx_word' id='word_1_287' title='bbox 709 3941 827 3990; x_wconf 77' lang='lat' dir='ltr'><strong>nec-s</strong></span> <span class='ocrx_word' id='word_1_288' title='bbox 847 3940 889 3990; x_wconf 77' lang='lat' dir='ltr'><strong>rt.</strong></span> <span class='ocrx_word' id='word_1_289' title='bbox 911 3940 958 3989; x_wconf 72' lang='lat' dir='ltr'><strong>ia.</strong></span> <span class='ocrx_word' id='word_1_290' title='bbox 980 3953 1030 3989; x_wconf 74' lang='lat' dir='ltr'><strong>neo</strong></span> <span class='ocrx_word' id='word_1_291' title='bbox 1051 3922 1316 4004; x_wconf 60' lang='lat' dir='ltr'><strong>[improbitate-c</strong></span> 
     </span>
    </p>
   </div>
   <div class='ocr_carea' id='block_1_7' title="bbox 119 4028 1317 4158">
    <p class='ocr_par' dir='ltr' id='par_1_8' title="bbox 119 4028 1317 4158">
     <span class='ocr_line' id='line_1_33' title="bbox 119 4028 1317 4158; baseline -0.009 -12"><span class='ocrx_word' id='word_1_292' title='bbox 119 4028 360 4158; x_wconf 62' lang='lat' dir='ltr'><strong>illitas-a</strong></span> <span class='ocrx_word' id='word_1_293' title='bbox 375 4042 613 4158; x_wconf 56' lang='lat' dir='ltr'><strong>dimetas-n</strong></span> <span class='ocrx_word' id='word_1_294' title='bbox 628 4092 918 4155; x_wconf 75' lang='lat' dir='ltr'><strong>improbitati-nvn.</strong></span> <span class='ocrx_word' id='word_1_295' title='bbox 956 4091 972 4139; x_wconf 85' lang='lat' dir='ltr'><strong>e</strong></span> <span class='ocrx_word' id='word_1_296' title='bbox 989 4087 1197 4139; x_wconf 72' lang='lat' dir='ltr'><strong>eremitati-b.</strong></span> <span class='ocrx_word' id='word_1_297' title='bbox 1218 4086 1317 4136; x_wconf 63' lang='lat' dir='ltr'><strong>bisai.</strong></span> 
     </span>
    </p>
   </div>
   <div class='ocr_carea' id='block_1_8' title="bbox 116 4170 1317 4415">
    <p class='ocr_par' dir='ltr' id='par_1_9' title="bbox 116 4170 1317 4415">
     <span class='ocr_line' id='line_1_34' title="bbox 119 4170 1317 4238; baseline -0.012 -6"><span class='ocrx_word' id='word_1_298' title='bbox 119 4182 239 4232; x_wconf 72' lang='lat' dir='ltr'><strong>tati-u</strong></span> <span class='ocrx_word' id='word_1_299' title='bbox 256 4180 483 4231; x_wconf 74' lang='lat' dir='ltr'><strong>libertati-Pet.</strong></span> <span class='ocrx_word' id='word_1_300' title='bbox 505 4176 849 4238; x_wconf 68' lang='lat' dir='ltr'><strong>vivacitati-Rutoereiue.</strong></span> <span class='ocrx_word' id='word_1_301' title='bbox 887 4173 944 4238; x_wconf 78' lang='lat' dir='ltr'><strong>&#39;¹[et</strong></span> <span class='ocrx_word' id='word_1_302' title='bbox 958 4210 986 4225; x_wconf 89' lang='lat'><strong>..</strong></span> <span class='ocrx_word' id='word_1_303' title='bbox 1007 4170 1317 4237; x_wconf 81' lang='lat' dir='ltr'><strong>contemptus]-eeclu-</strong></span> 
     </span>
     <span class='ocr_line' id='line_1_35' title="bbox 118 4252 1313 4323; baseline -0.013 -6"><span class='ocrx_word' id='word_1_304' title='bbox 118 4267 234 4317; x_wconf 73' lang='lat' dir='ltr'><strong>dendm</strong></span> <span class='ocrx_word' id='word_1_305' title='bbox 246 4278 342 4315; x_wconf 75' lang='lat' dir='ltr'><strong>emec.</strong></span> <span class='ocrx_word' id='word_1_306' title='bbox 379 4260 808 4323; x_wconf 69' lang='lat' dir='ltr'><strong>tallenorumque-Heumoam</strong></span> <span class='ocrx_word' id='word_1_307' title='bbox 830 4259 874 4308; x_wconf 82' lang='lat' dir='ltr'><strong>Ba.</strong></span> <span class='ocrx_word' id='word_1_308' title='bbox 913 4257 964 4307; x_wconf 86' lang='lat' dir='ltr'><strong>ista</strong></span> <span class='ocrx_word' id='word_1_309' title='bbox 975 4255 1153 4305; x_wconf 81' lang='lat' dir='ltr'><strong>vero—coni.</strong></span> <span class='ocrx_word' id='word_1_310' title='bbox 1168 4252 1313 4303; x_wconf 80' lang='lat' dir='ltr'><strong>Michaelis.</strong></span> 
     </span>
     <span class='ocr_line' id='line_1_36' title="bbox 116 4335 1317 4415; baseline -0.012 -16"><span class='ocrx_word' id='word_1_311' title='bbox 116 4346 337 4415; x_wconf 73' lang='lat' dir='ltr'><strong>pecularia-V.</strong></span> <span class='ocrx_word' id='word_1_312' title='bbox 377 4347 407 4396; x_wconf 93' lang='lat' dir='ltr'><strong>ll</strong></span> <span class='ocrx_word' id='word_1_313' title='bbox 427 4342 682 4395; x_wconf 70' lang='lat' dir='ltr'><strong>intronata-Da</strong></span> <span class='ocrx_word' id='word_1_314' title='bbox 720 4342 816 4405; x_wconf 86' lang='lat' dir='ltr'><strong>quibus</strong></span> <span class='ocrx_word' id='word_1_315' title='bbox 838 4338 993 4407; x_wconf 81' lang='lat' dir='ltr'><strong>[le-add</strong></span> <span class='ocrx_word' id='word_1_316' title='bbox 1014 4337 1153 4388; x_wconf 67' lang='grc' dir='ltr'><strong>Βοώτεω.</strong></span> <span class='ocrx_word' id='word_1_317' title='bbox 1190 4336 1220 4385; x_wconf 83' lang='grc'><strong>13</strong></span> <span class='ocrx_word' id='word_1_318' title='bbox 1238 4335 1317 4384; x_wconf 86' lang='lat' dir='ltr'><strong>reliu-</strong></span> 
     </span>
    </p>
   </div>
   <div class='ocr_carea' id='block_1_9' title="bbox 0 0 1727 4912">
    <p class='ocr_par' dir='ltr' id='par_1_10' title="bbox 0 0 1727 4912">
     <span class='ocr_line' id='line_1_37' title="bbox 0 0 1727 4912; baseline 0 0"><span class='ocrx_word' id='word_1_319' title='bbox 0 0 1727 4912; x_wconf 95' lang='lat' dir='ltr'><strong> </strong></span> 
     </span>
    </p>
   </div>
  </div>
 </body>
</html>
