3428 4912
486 303 672 355 nmnoous
695 304 745 354 ns
769 303 1010 356 casroareus.
1292 289 1334 354 35

186 508 242 581 27.
291 510 431 577 ‘Parce'
448 511 562 597 inquit
577 510 751 576 Maternus
776 510 828 576 ‘et
844 514 956 597 potius
973 514 1109 579 exsolve
1125 516 1334 599 promissum.
1354 538 1493 588 Maternus
1504 552 1545 587 re-

138 657 249 721 neque
274 636 364 701 enim
384 635 447 701 hoc
468 636 583 722 colligi
605 635 840 713 desideramus,
864 636 1053 702 disertiores
1076 660 1146 703 esse
1168 639 1334 723 antiquos,
1353 604 1526 733 {lffisslffot

138 760 232 845 quod
250 760 341 846 apud
362 781 414 825 me
430 760 568 845 quidem
590 761 626 824 in
648 760 800 825 confesso
821 768 882 837 est,
900 761 959 826 sed
980 783 1095 827 causas
1116 764 1335 848 exquirimus,
1354 736 1554 853 ffoffiffiffl,

138 906 224 969 quas
239 893 274 950 te
289 885 427 950 solitum
442 891 583 950 nectare
606 885 727 962 dixisti,
745 886 847 970 paulo
869 894 946 951 ante
967 887 1066 972 plane
1089 888 1202 952 mitior
1222 898 1251 951 et
1273 889 1338 953 elo-
1353 869 1508 985 ζωῇ

138 1011 298 1094 quentiae
320 1018 508 1094 temporum
530 1017 720 1075 nostrorum
740 1011 846 1074 minue
865 1011 979 1087 iratus,
998 1020 1177 1096 antequam
1194 1021 1227 1077 te
1245 1013 1338 1098 Aper
1371 1035 1387 1084 5

138 1133 328 1199 offenderet
342 1135 481 1199 maiores
497 1142 574 1199 tuos
590 1134 803 1200 lacessendo’

186 1258 281 1323 ‘Non
304 1258 399 1323 sum’
425 1259 539 1345 inquit
562 1258 728 1324 ‘offensus
751 1259 837 1344 Apri
861 1261 923 1324 mei
946 1260 1172 1346 disputatione
1194 1282 1256 1326 neo
1278 1282 1337 1326 vos

138 1382 268 1447 offendi
296 1383 437 1460 decebit,
465 1385 495 1448 si
522 1383 607 1468 quid
634 1383 720 1448 forte
748 1405 843 1448 aures
875 1392 1001 1449 vestras
1029 1386 1233 1472 perstringat
1260 1408 1337 1450 oum

137 1508 253 1571 sciatis
277 1507 362 1572 hanc
386 1529 457 1573 esse
481 1509 554 1573 eius
579 1506 669 1572 modi
689 1529 879 1572 sermonum
904 1508 1023 1594 legem,
1049 1508 1212 1574 iudicium
1235 1510 1338 1573 animi

138 1631 225 1696 eitra
240 1631 399 1696 damnum
415 1631 567 1697 adiectus
583 1631 751 1717 proferre!
1356 1648 1387 1697 10

188 1753 332 1841 ‘Perge’
357 1757 473 1842 inquit
488 1755 663 1820 Maternus
680 1755 733 1821 ’et
748 1778 825 1820 cum
846 1756 887 1822 de
904 1758 1052 1841 antiquis
1068 1757 1225 1841 loquaris,
1243 1767 1337 1823 utere

138 1881 282 1964 antiqua
298 1880 461 1957 libertate,
480 1903 500 1944 a
519 1901 586 1964 qua
602 1865 669 1945 vel.
681 1882 786 1967 magis
809 1880 1084 1967 degeneravimus
1101 1903 1202 1967 quam
1219 1883 1260 1946 ab
1275 1882 1340 1947 clo

139 2005 292 2088 quentis.

189 2117 248 2190 28.
293 2119 340 2183 Et
363 2117 521 2184 Messalla
537 2116 622 2181 ‘non
646 2115 844 2192 reconditas,
866 2115 1029 2191 Materne,
1056 2136 1171 2180 causas
1195 2117 1337 2200 requiris
1356 2157 1456 2219 speech
1469 2155 1497 2206 of

141 2267 204 2310 neo
220 2251 281 2309 aut
295 2243 358 2308 tibi
374 2243 439 2328 ipsi
455 2250 515 2307 aut
530 2241 609 2306 huic
627 2239 782 2305 Secundo
798 2239 853 2304 vel
868 2239 948 2304 huic
965 2240 1059 2325 Apro
1076 2240 1217 2326 ignotas,
1237 2241 1338 2305 etiam
1355 2223 1556 2339 fflgffignof

1030 2378 1045 2431 q
1057 2385 1149 2442 amm
1355 2357 1400 2405 the
1411 2355 1520 2404 Decline

175 2452 225 2512 27,
261 2452 274 2500 1
293 2448 567 2513 parce-Androna,
581 2447 633 2507 Ws.
648 2447 837 2510 aparte-DA
849 2447 1010 2509 aperte-E
1022 2447 1246 2509 apparate-AC
1259 2462 1340 2512 appa·
1356 2422 1384 2472 ⁰f
1396 2421 1519 2483 oram·

141 2534 271 2587 rate-B
289 2533 490 2596 appareat-V
508 2530 767 2594 appropera—Pul.
784 2528 889 2593 (ortum
906 2532 944 2579 est
961 2529 1083 2579 mendum
1096 2543 1125 2580 ec
1138 2531 1270 2591 scriptura
1281 2545 1340 2582 cort

141 2625 236 2673 tiano:
265 2621 508 2687 eloquentiaparce)
532 2633 705 2683 appropera.
727 2656 733 2668 .
755 2655 761 2667 .
781 2624 810 2667 et
832 2618 1092 2668 otius-Acidaliae
1119 2623 1231 2680 apparet
1252 2615 1340 2665 sed—

146 2707 251 2757 Urlichs
263 2714 292 2758 at
302 2721 381 2771 paroc
394 2706 539 2756 iis-coni.
552 2703 700 2764 Michaelis,
715 2703 758 2753 Pt.
772 2709 801 2752 at
812 2716 880 2765 paca
891 2701 1068 2751 te-Janoen
1079 2715 1096 2750 a
1107 2698 1337 2763 parce-Usener,

143 2789 187 2840 Bc.
200 2796 230 2840 at
240 2789 449 2853 parce-Halm
461 2801 557 2852 operae
569 2785 753 2850 parce-Ich.
766 2785 870 2835 Miller.
897 2783 1114 2834 telesim-C.
1140 2781 1336 2832 haec-ABD.

142 2873 176 2933 cs.
196 2873 256 2933 3,11.
293 2873 472 2936 liquos-E.
510 2885 553 2920 me
571 2869 752 2933 quidem-B
770 2868 965 2931 equidem-e
983 2867 1033 2916 Mo.
1070 2866 1262 2916 idixisii-c
1278 2878 1341 2927 quo·

142 2953 205 3002 dnm
217 2951 283 3001 libro
296 2951 333 3016 (2³)
342 2951 403 3010 post
415 2948 628 2998 tractare—ins.
642 2947 760 3008 Lipsius,
775 2946 838 2996 Hm.
876 2952 939 2996 ante
951 2946 1051 3007 dixisti,
1065 2951 1124 2995 tum
1136 2948 1244 3009 quidem
1262 2947 1341 3009 plane

142 3035 284 3093 -Hoasc,
301 3032 345 3081 Pi.
365 3031 413 3080 Mi.
433 3029 506 3080 And.
527 3044 552 3093 p.
573 3044 596 3079 a
615 3029 641 3079 d.
661 3043 722 3078 cum
741 3029 981 3090 esses-Scirem.
1019 3029 1341 3091 profitebaris-Ribbeck

143 3117 279 3181 pollicitus
309 3113 521 3165 es-Baelrens
550 3113 807 3163 dicebas-malim.
861 3113 952 3161 mitior
979 3118 1007 3161 et
1035 3112 1342 3175 eloquentiae-Sclclc

142 3201 250 3250 mitiore
268 3198 422 3261 eloquentia
438 3203 532 3246 et-e
548 3195 653 3259 placido
670 3195 762 3245 dixiui
774 3209 820 3245 ore
832 3195 1142 3258 eloquentiae-Kaaat
1160 3197 1219 3245 miti
1231 3210 1276 3244 ore
1288 3196 1342 3246 elo-

143 3281 492 3348 quentiaquc—Baetrene.
529 3282 545 3329 ὃ
563 3280 652 3329 minus
669 3266 895 3330 iratus-Nissen
913 3279 1110 3344 (Weissenborn)
1128 3280 1240 3328 miratus
1258 3281 1342 3329 iratus

142 3387 204 3416 -ω
227 3367 339 3416 minime
363 3363 612 3421 iratus-Seebode,
632 3364 676 3412 Be.
697 3377 752 3412 non
777 3363 815 3412 ita
840 3361 1087 3423 iratus-Seiopa
1107 3376 1156 3411 nec
1174 3362 1341 3425 eloquentiae

143 3489 172 3501 ..
190 3488 196 3501 .
212 3448 445 3500 iratus-Norat.
485 3448 501 3496 6
519 3446 867 3496 incessendo-Heumunn
885 3445 1053 3511 (Selenivm),
1074 3446 1118 3495 Be.
1140 3446 1342 3495 istos-Schul-

142 3537 209 3596 ϋηο.
247 3535 279 3583 i·
295 3532 364 3594 Apri
381 3529 675 3590 mci-Sclurriieiecl,
690 3530 734 3578 Ba.
751 3528 803 3588 Ws.
823 3543 840 3578 a
856 3529 1010 3590 prima-o
1027 3529 1287 3591 Aprina-Lipeius
1305 3532 1338 3579 A.

143 3615 435 3673 nostri-Gronovius,
455 3613 497 3662 Pt.
518 3612 591 3662 And.
635 3613 669 3661 A.
690 3611 869 3673 illa-stilic,
889 3612 940 3660 Ms.
962 3611 1014 3672 Np.
1056 3612 1123 3674 Apri
1144 3612 1343 3674 disp—Orelli

144 3700 285 3765 (Vahlen),
299 3698 363 3747 Hm.
379 3697 426 3747 Ml.
464 3698 497 3746 A.
513 3695 790 3746 acerrima-Kanai.
828 3709 877 3743 nec
896 3695 1052 3743 vos-Pul.
1068 3694 1118 3743 Mc.
1134 3694 1187 3755 Np.
1203 3695 1266 3744 Hm.
1287 3695 1339 3755 Ws.

143 3798 210 3835 nam
222 3781 392 3832 nec-CBV
404 3780 448 3829 Pi.
462 3793 525 3828 narn
537 3778 689 3828 et—ABl)
707 3784 734 3826 et
746 3791 811 3826 vos.
827 3815 833 3827 .
850 3815 855 3826 .
870 3777 1135 3826 dedecebit-Nolle
1151 3791 1201 3827 nec
1218 3791 1279 3827 moa
1296 3792 1344 3827 vos

142 3865 325 3916 -Andrcsen
342 3877 392 3913 nec
416 3862 583 3912 iam-coni.
605 3850 698 3919 Halm,
719 3861 762 3909 Rs.
784 3874 846 3909 nam
864 3866 891 3908 et
909 3874 956 3908 vos
974 3860 1176 3910 non-Valles
1194 3874 1236 3921 ap.
1258 3860 1344 3910 Binda

141 3965 170 4013 p.
195 3952 235 3999 15.
273 3947 358 4012 magis
375 3947 409 3996 A.
428 3945 495 4008 disp.
516 3959 597 4007 quam
615 3952 642 3993 ct
659 3943 810 3993 vos-Iol.
832 3943 935 3991 Miller.
973 3943 1266 4005 Spemtringat-AB
1285 3957 1344 4006 per-

143 4031 376 4095 stringit-eBs.
391 4029 714 4093 perstringet-Lipsius.
743 4028 773 4075 10
784 4040 847 4075 cum
859 4025 1105 4086 aflectu-Mutia.
1133 4027 1162 4075 11
1176 4031 1343 4075 etcum-e

144 4114 398 4167 curn-ABDMs.
437 4111 645 4163 l2a—odd.b.

179 4267 229 4328 28,
265 4268 296 4315 l·
313 4263 469 4314 nt-cns
483 4264 533 4312 Me.
549 4263 592 4314 Pl.
607 4264 651 4312 Be.
669 4193 810 4327 [ggiptumg
824 4259 877 4319 Np.
894 4257 942 4306 Ml.
959 4255 1009 4316 Wf.
1025 4254 1097 4304 Anu.
1113 4255 1231 4317 qui-A
1245 4268 1293 4302 om.
1305 4253 1338 4302 V.

144 4347 329 4401 cni-Ilalm.
366 4348 382 4396 2
400 4346 586 4410 ignoras-D.
623 4345 720 4394 *etiarn
736 4345 823 4393 isi-e
835 4341 946 4391 etenim
960 4337 1210 4395 iam-Acidaliae,
1225 4336 1280 4397 Np.
1294 4335 1343 4384 sed
