<?xml version="1.0" encoding="UTF-8"?>
<!DOCTYPE html PUBLIC "-//W3C//DTD XHTML 1.0 Transitional//EN"
    "http://www.w3.org/TR/xhtml1/DTD/xhtml1-transitional.dtd">
<html xmlns="http://www.w3.org/1999/xhtml" xml:lang="en" lang="en">
 <head>
  <title>
</title>
<meta http-equiv="Content-Type" content="text/html;charset=utf-8" />
  <meta name='ocr-system' content='tesseract 3.04.00' />
  <meta name='ocr-capabilities' content='ocr_page ocr_carea ocr_par ocr_line ocrx_word'/>
</head>
<body>
  <div class='ocr_page' id='page_1' title='image "./dialogusdeorato00gudegoog_0348.png"; bbox 0 0 3450 4912; ppageno 0'>
   <div class='ocr_carea' id='block_1_1' title="bbox 819 309 1458 377">
    <p class='ocr_par' dir='ltr' id='par_1_1' title="bbox 819 309 1458 377">
     <span class='ocr_line' id='line_1_1' title="bbox 819 309 1458 377; baseline -0.002 0"><span class='ocrx_word' id='word_1_1' title='bbox 819 326 848 377; x_wconf 90' lang='lat' dir='ltr'><strong>c.</strong></span> <span class='ocrx_word' id='word_1_2' title='bbox 871 327 910 376; x_wconf 84' lang='lat' dir='ltr'><strong>rs.</strong></span> <span class='ocrx_word' id='word_1_3' title='bbox 1395 309 1458 376; x_wconf 80' lang='lat'><strong>201</strong></span> 
     </span>
    </p>
   </div>
   <div class='ocr_carea' id='block_1_2' title="bbox 164 496 1460 577">
    <p class='ocr_par' dir='ltr' id='par_1_2' title="bbox 164 496 1460 577">
     <span class='ocr_line' id='line_1_2' title="bbox 164 496 1460 577; baseline 0.002 -20"><span class='ocrx_word' id='word_1_4' title='bbox 164 496 170 504; x_wconf 82' lang='grc'><em>’</em></span> <span class='ocrx_word' id='word_1_5' title='bbox 265 514 357 575; x_wconf 88' lang='lat' dir='ltr'><strong>posse</strong></span> <span class='ocrx_word' id='word_1_6' title='bbox 372 517 441 558; x_wconf 89' lang='lat' dir='ltr'><strong>esso</strong></span> <span class='ocrx_word' id='word_1_7' title='bbox 456 518 594 559; x_wconf 89' lang='lat' dir='ltr'><strong>summos</strong></span> <span class='ocrx_word' id='word_1_8' title='bbox 610 499 665 577; x_wconf 91' lang='lat' dir='ltr'><strong>qui</strong></span> <span class='ocrx_word' id='word_1_9' title='bbox 681 499 765 559; x_wconf 90' lang='lat' dir='ltr'><strong>inter</strong></span> <span class='ocrx_word' id='word_1_10' title='bbox 781 519 814 559; x_wconf 91' lang='lat' dir='ltr'><strong>se</strong></span> <span class='ocrx_word' id='word_1_11' title='bbox 829 506 904 559; x_wconf 90' lang='lat' dir='ltr'><strong>sunt</strong></span> <span class='ocrx_word' id='word_1_12' title='bbox 920 499 1091 559; x_wconf 88' lang='lat' dir='ltr'><strong>dissimiles</strong></span> <span class='ocrx_word' id='word_1_13' title='bbox 1107 500 1169 559; x_wconf 91' lang='lat' dir='ltr'><strong>and</strong></span> <span class='ocrx_word' id='word_1_14' title='bbox 1184 518 1248 577; x_wconf 92' lang='lat' dir='ltr'><strong>esp.</strong></span> <span class='ocrx_word' id='word_1_15' title='bbox 1262 499 1300 558; x_wconf 90' lang='lat' dir='ltr'><strong>de</strong></span> <span class='ocrx_word' id='word_1_16' title='bbox 1316 507 1392 559; x_wconf 88' lang='lat' dir='ltr'><strong>orat.</strong></span> <span class='ocrx_word' id='word_1_17' title='bbox 1407 501 1460 559; x_wconf 91' lang='lat' dir='ltr'><strong>III</strong></span> 
     </span>
    </p>
   </div>
   <div class='ocr_carea' id='block_1_3' title="bbox 264 595 1461 1076">
    <p class='ocr_par' dir='ltr' id='par_1_3' title="bbox 264 595 1461 1076">
     <span class='ocr_line' id='line_1_3' title="bbox 266 595 1461 672; baseline 0.003 -17"><span class='ocrx_word' id='word_1_18' title='bbox 266 597 295 671; x_wconf 79' lang='lat'><strong>7,</strong></span> <span class='ocrx_word' id='word_1_19' title='bbox 311 595 352 655; x_wconf 83' lang='lat'><strong>25</strong></span> <span class='ocrx_word' id='word_1_20' title='bbox 366 635 410 643; x_wconf 93' lang='lat'><em>-</em></span> <span class='ocrx_word' id='word_1_21' title='bbox 424 599 453 670; x_wconf 89' lang='grc'><strong>9,</strong></span> <span class='ocrx_word' id='word_1_22' title='bbox 479 599 529 672; x_wconf 92' lang='grc'><strong>36,</strong></span> <span class='ocrx_word' id='word_1_23' title='bbox 551 598 656 658; x_wconf 84' lang='lat' dir='ltr'>where</span> <span class='ocrx_word' id='word_1_24' title='bbox 679 599 734 659; x_wconf 88' lang='lat' dir='ltr'><strong>the</strong></span> <span class='ocrx_word' id='word_1_25' title='bbox 763 599 854 658; x_wconf 91' lang='lat' dir='ltr'><strong>truth</strong></span> <span class='ocrx_word' id='word_1_26' title='bbox 875 599 909 658; x_wconf 87' lang='lat' dir='ltr'><strong>of</strong></span> <span class='ocrx_word' id='word_1_27' title='bbox 931 598 986 658; x_wconf 89' lang='lat' dir='ltr'><strong>the</strong></span> <span class='ocrx_word' id='word_1_28' title='bbox 1008 598 1109 658; x_wconf 89' lang='lat' dir='ltr'><strong>thesis</strong></span> <span class='ocrx_word' id='word_1_29' title='bbox 1137 597 1267 658; x_wconf 75' lang='lat' dir='ltr'><strong>‘natura</strong></span> <span class='ocrx_word' id='word_1_30' title='bbox 1295 599 1385 659; x_wconf 90' lang='lat' dir='ltr'><strong>nulla</strong></span> <span class='ocrx_word' id='word_1_31' title='bbox 1412 606 1461 659; x_wconf 92' lang='lat' dir='ltr'><strong>est</strong></span> 
     </span>
     <span class='ocr_line' id='line_1_4' title="bbox 264 700 1461 779; baseline 0.003 -21"><span class='ocrx_word' id='word_1_32' title='bbox 264 718 418 776; x_wconf 86' lang='lat' dir='ltr'><strong>...quae</strong></span> <span class='ocrx_word' id='word_1_33' title='bbox 434 719 497 759; x_wconf 95' lang='lat' dir='ltr'><strong>non</strong></span> <span class='ocrx_word' id='word_1_34' title='bbox 518 700 634 761; x_wconf 87' lang='lat' dir='ltr'><strong>habeat</strong></span> <span class='ocrx_word' id='word_1_35' title='bbox 655 701 689 759; x_wconf 95' lang='lat' dir='ltr'><strong>in</strong></span> <span class='ocrx_word' id='word_1_36' title='bbox 704 721 761 761; x_wconf 90' lang='lat' dir='ltr'><strong>suo</strong></span> <span class='ocrx_word' id='word_1_37' title='bbox 775 720 889 778; x_wconf 89' lang='lat' dir='ltr'><strong>genere</strong></span> <span class='ocrx_word' id='word_1_38' title='bbox 911 720 961 761; x_wconf 92' lang='lat' dir='ltr'><strong>res</strong></span> <span class='ocrx_word' id='word_1_39' title='bbox 983 701 1160 779; x_wconf 82' lang='lat' dir='ltr'><strong>complures</strong></span> <span class='ocrx_word' id='word_1_40' title='bbox 1183 700 1355 761; x_wconf 86' lang='lat' dir='ltr'><strong>dissimiles</strong></span> <span class='ocrx_word' id='word_1_41' title='bbox 1377 701 1461 761; x_wconf 91' lang='lat' dir='ltr'><strong>inter</strong></span> 
     </span>
     <span class='ocr_line' id='line_1_5' title="bbox 266 799 1461 879; baseline 0.003 -22"><span class='ocrx_word' id='word_1_42' title='bbox 266 816 299 857; x_wconf 90' lang='lat' dir='ltr'><strong>se</strong></span> <span class='ocrx_word' id='word_1_43' title='bbox 315 817 395 875; x_wconf 90' lang='lat' dir='ltr'><strong>quae</strong></span> <span class='ocrx_word' id='word_1_44' title='bbox 417 805 525 859; x_wconf 86' lang='lat' dir='ltr'><strong>tamen</strong></span> <span class='ocrx_word' id='word_1_45' title='bbox 547 800 705 860; x_wconf 87' lang='lat' dir='ltr'><strong>consimili</strong></span> <span class='ocrx_word' id='word_1_46' title='bbox 727 800 819 860; x_wconf 91' lang='lat' dir='ltr'><strong>laude</strong></span> <span class='ocrx_word' id='word_1_47' title='bbox 838 801 1026 877; x_wconf 89' lang='lat' dir='ltr'><strong>dignentur&#39;</strong></span> <span class='ocrx_word' id='word_1_48' title='bbox 1050 800 1076 859; x_wconf 92' lang='lat' dir='ltr'><strong>is</strong></span> <span class='ocrx_word' id='word_1_49' title='bbox 1099 799 1293 859; x_wconf 80' lang='lat' dir='ltr'><strong>established</strong></span> <span class='ocrx_word' id='word_1_50' title='bbox 1317 801 1359 879; x_wconf 96' lang='lat' dir='ltr'><strong>by</strong></span> <span class='ocrx_word' id='word_1_51' title='bbox 1375 801 1461 860; x_wconf 92' lang='lat' dir='ltr'><strong>illus-</strong></span> 
     </span>
     <span class='ocr_line' id='line_1_6' title="bbox 265 897 1460 978; baseline 0.003 -21"><span class='ocrx_word' id='word_1_52' title='bbox 265 897 400 957; x_wconf 81' lang='lat' dir='ltr'><strong>trations</strong></span> <span class='ocrx_word' id='word_1_53' title='bbox 416 898 499 958; x_wconf 86' lang='lat' dir='ltr'><strong>from</strong></span> <span class='ocrx_word' id='word_1_54' title='bbox 514 905 572 974; x_wconf 90' lang='lat' dir='ltr'><strong>art,</strong></span> <span class='ocrx_word' id='word_1_55' title='bbox 588 905 701 978; x_wconf 90' lang='lat' dir='ltr'><strong>poetry</strong></span> <span class='ocrx_word' id='word_1_56' title='bbox 715 899 779 959; x_wconf 90' lang='lat' dir='ltr'><strong>and</strong></span> <span class='ocrx_word' id='word_1_57' title='bbox 793 905 928 977; x_wconf 90' lang='lat' dir='ltr'><strong>oratory.</strong></span> <span class='ocrx_word' id='word_1_58' title='bbox 974 899 1079 969; x_wconf 86' lang='lat' dir='ltr'><strong>Quint.</strong></span> <span class='ocrx_word' id='word_1_59' title='bbox 1096 900 1128 958; x_wconf 92' lang='lat' dir='ltr'>X</span> <span class='ocrx_word' id='word_1_60' title='bbox 1142 901 1171 973; x_wconf 83' lang='lat'><strong>5,</strong></span> <span class='ocrx_word' id='word_1_61' title='bbox 1189 902 1207 957; x_wconf 77' lang='lat'>7</span> <span class='ocrx_word' id='word_1_62' title='bbox 1228 898 1254 958; x_wconf 87' lang='lat' dir='ltr'><strong>si</strong></span> <span class='ocrx_word' id='word_1_63' title='bbox 1271 918 1333 957; x_wconf 90' lang='lat' dir='ltr'><strong>uno</strong></span> <span class='ocrx_word' id='word_1_64' title='bbox 1349 919 1460 976; x_wconf 88' lang='lat' dir='ltr'><strong>genere</strong></span> 
     </span>
     <span class='ocr_line' id='line_1_7' title="bbox 265 996 1460 1076; baseline 0.003 -21"><span class='ocrx_word' id='word_1_65' title='bbox 265 996 344 1056; x_wconf 88' lang='lat' dir='ltr'><strong>bene</strong></span> <span class='ocrx_word' id='word_1_66' title='bbox 368 996 534 1072; x_wconf 82' lang='lat' dir='ltr'><strong>diceretur,</strong></span> <span class='ocrx_word' id='word_1_67' title='bbox 559 998 609 1058; x_wconf 88' lang='lat' dir='ltr'><strong>fas</strong></span> <span class='ocrx_word' id='word_1_68' title='bbox 635 1005 703 1058; x_wconf 89' lang='lat' dir='ltr'><strong>erat</strong></span> <span class='ocrx_word' id='word_1_69' title='bbox 723 998 899 1058; x_wconf 84' lang='lat' dir='ltr'><strong>existimari</strong></span> <span class='ocrx_word' id='word_1_70' title='bbox 927 998 1122 1076; x_wconf 85' lang='lat' dir='ltr'><strong>praeclusam</strong></span> <span class='ocrx_word' id='word_1_71' title='bbox 1146 998 1236 1057; x_wconf 93' lang='lat' dir='ltr'><strong>nobis</strong></span> <span class='ocrx_word' id='word_1_72' title='bbox 1262 1018 1282 1058; x_wconf 89' lang='lat' dir='ltr'><strong>a</strong></span> <span class='ocrx_word' id='word_1_73' title='bbox 1304 999 1460 1076; x_wconf 89' lang='lat' dir='ltr'><strong>prioribus</strong></span> 
     </span>
    </p>
   </div>
   <div class='ocr_carea' id='block_1_4' title="bbox 180 1095 1460 1175">
    <p class='ocr_par' dir='ltr' id='par_1_4' title="bbox 180 1095 1460 1175">
     <span class='ocr_line' id='line_1_8' title="bbox 180 1095 1460 1175; baseline 0.004 -22"><span class='ocrx_word' id='word_1_74' title='bbox 180 1145 182 1148; x_wconf 16' lang='lat' dir='ltr'><strong>a</strong></span> <span class='ocrx_word' id='word_1_75' title='bbox 266 1095 359 1154; x_wconf 84' lang='lat' dir='ltr'><strong>viam.</strong></span> <span class='ocrx_word' id='word_1_76' title='bbox 403 1097 497 1156; x_wconf 88' lang='lat' dir='ltr'><strong>Nunc</strong></span> <span class='ocrx_word' id='word_1_77' title='bbox 523 1117 597 1157; x_wconf 88' lang='lat' dir='ltr'><strong>vero</strong></span> <span class='ocrx_word' id='word_1_78' title='bbox 623 1097 869 1157; x_wconf 90' lang='lat' dir='ltr'><strong>innumerabiles</strong></span> <span class='ocrx_word' id='word_1_79' title='bbox 896 1103 971 1156; x_wconf 89' lang='lat' dir='ltr'><strong>sunt</strong></span> <span class='ocrx_word' id='word_1_80' title='bbox 997 1097 1080 1156; x_wconf 93' lang='lat' dir='ltr'><strong>modi</strong></span> <span class='ocrx_word' id='word_1_81' title='bbox 1107 1097 1323 1175; x_wconf 85' lang='lat' dir='ltr'><strong>plurimaeque</strong></span> <span class='ocrx_word' id='word_1_82' title='bbox 1352 1099 1460 1158; x_wconf 89' lang='lat' dir='ltr'><strong>eodem</strong></span> 
     </span>
    </p>
   </div>
   <div class='ocr_carea' id='block_1_5' title="bbox 258 1193 1462 4346">
    <p class='ocr_par' dir='ltr' id='par_1_5' title="bbox 266 1193 1462 1949">
     <span class='ocr_line' id='line_1_9' title="bbox 266 1193 1459 1271; baseline 0.003 -19"><span class='ocrx_word' id='word_1_83' title='bbox 266 1193 335 1254; x_wconf 85' lang='lat' dir='ltr'><strong>viae</strong></span> <span class='ocrx_word' id='word_1_84' title='bbox 361 1195 481 1255; x_wconf 91' lang='lat' dir='ltr'><strong>ducunt</strong></span> <span class='ocrx_word' id='word_1_85' title='bbox 502 1197 587 1256; x_wconf 87' lang='lat' dir='ltr'><strong>VIII</strong></span> <span class='ocrx_word' id='word_1_86' title='bbox 603 1198 632 1270; x_wconf 91' lang='lat'><strong>5,</strong></span> <span class='ocrx_word' id='word_1_87' title='bbox 648 1198 688 1257; x_wconf 84' lang='lat'><strong>34</strong></span> <span class='ocrx_word' id='word_1_88' title='bbox 707 1216 756 1270; x_wconf 87' lang='lat' dir='ltr'><strong>nc,</strong></span> <span class='ocrx_word' id='word_1_89' title='bbox 773 1197 846 1256; x_wconf 90' lang='lat' dir='ltr'><strong>dum</strong></span> <span class='ocrx_word' id='word_1_90' title='bbox 862 1196 1007 1256; x_wconf 89' lang='lat' dir='ltr'><strong>volumus</strong></span> <span class='ocrx_word' id='word_1_91' title='bbox 1030 1215 1097 1255; x_wconf 91' lang='lat' dir='ltr'><strong>esse</strong></span> <span class='ocrx_word' id='word_1_92' title='bbox 1121 1196 1267 1255; x_wconf 88' lang='lat' dir='ltr'><strong>meliores</strong></span> <span class='ocrx_word' id='word_1_93' title='bbox 1289 1197 1459 1271; x_wconf 82' lang='lat' dir='ltr'><strong>veteribus,</strong></span> 
     </span>
     <span class='ocr_line' id='line_1_10' title="bbox 267 1292 1462 1355; baseline 0.003 -4"><span class='ocrx_word' id='word_1_94' title='bbox 267 1292 364 1354; x_wconf 90' lang='lat' dir='ltr'><strong>simus</strong></span> <span class='ocrx_word' id='word_1_95' title='bbox 393 1300 518 1354; x_wconf 89' lang='lat' dir='ltr'><strong>tantum</strong></span> <span class='ocrx_word' id='word_1_96' title='bbox 547 1295 727 1355; x_wconf 86' lang='lat' dir='ltr'><strong>dissimiles.</strong></span> <span class='ocrx_word' id='word_1_97' title='bbox 780 1296 848 1355; x_wconf 84' lang='lat' dir='ltr'><strong>The</strong></span> <span class='ocrx_word' id='word_1_98' title='bbox 878 1315 963 1355; x_wconf 89' lang='lat' dir='ltr'><strong>same</strong></span> <span class='ocrx_word' id='word_1_99' title='bbox 992 1295 1185 1355; x_wconf 89' lang='lat' dir='ltr'><strong>alliterative</strong></span> <span class='ocrx_word' id='word_1_100' title='bbox 1211 1295 1397 1355; x_wconf 85' lang='lat' dir='ltr'><strong>collocation</strong></span> <span class='ocrx_word' id='word_1_101' title='bbox 1426 1298 1462 1355; x_wconf 88' lang='lat' dir='ltr'><strong>of</strong></span> 
     </span>
     <span class='ocr_line' id='line_1_11' title="bbox 267 1391 1461 1455; baseline 0.003 -3"><span class='ocrx_word' id='word_1_102' title='bbox 267 1391 442 1453; x_wconf 72' lang='lat' dir='ltr'><strong>‘deterius’</strong></span> <span class='ocrx_word' id='word_1_103' title='bbox 458 1395 520 1454; x_wconf 90' lang='lat' dir='ltr'><strong>and</strong></span> <span class='ocrx_word' id='word_1_104' title='bbox 536 1394 715 1455; x_wconf 76' lang='lat' dir='ltr'><strong>‘diversus&#39;</strong></span> <span class='ocrx_word' id='word_1_105' title='bbox 739 1414 847 1455; x_wconf 91' lang='lat' dir='ltr'><strong>occurs</strong></span> <span class='ocrx_word' id='word_1_106' title='bbox 871 1397 942 1455; x_wconf 79' lang='lat' dir='ltr'><strong>Tac.</strong></span> <span class='ocrx_word' id='word_1_107' title='bbox 968 1395 1050 1453; x_wconf 84' lang='lat' dir='ltr'><strong>Ann.</strong></span> <span class='ocrx_word' id='word_1_108' title='bbox 1076 1396 1136 1454; x_wconf 87' lang='lat' dir='ltr'><strong>XV</strong></span> <span class='ocrx_word' id='word_1_109' title='bbox 1157 1395 1196 1453; x_wconf 93' lang='lat'><strong>10</strong></span> <span class='ocrx_word' id='word_1_110' title='bbox 1221 1394 1254 1453; x_wconf 93' lang='lat' dir='ltr'><strong>in</strong></span> <span class='ocrx_word' id='word_1_111' title='bbox 1278 1394 1404 1454; x_wconf 89' lang='lat' dir='ltr'><strong>diversa</strong></span> <span class='ocrx_word' id='word_1_112' title='bbox 1424 1415 1461 1455; x_wconf 89' lang='lat' dir='ltr'><strong>ac</strong></span> 
     </span>
     <span class='ocr_line' id='line_1_12' title="bbox 267 1491 1460 1571; baseline 0.003 -22"><span class='ocrx_word' id='word_1_113' title='bbox 267 1491 423 1552; x_wconf 86' lang='lat' dir='ltr'><strong>deteriora</strong></span> <span class='ocrx_word' id='word_1_114' title='bbox 436 1493 601 1553; x_wconf 90' lang='lat' dir='ltr'><strong>transibat.</strong></span> <span class='ocrx_word' id='word_1_115' title='bbox 612 1496 787 1555; x_wconf 75' lang='lat' dir='ltr'><strong>-statim</strong></span> <span class='ocrx_word' id='word_1_116' title='bbox 803 1494 1049 1571; x_wconf 80' lang='lat' dir='ltr'><strong>‘straightway,&#39;</strong></span> <span class='ocrx_word' id='word_1_117' title='bbox 1066 1493 1085 1551; x_wconf 93' lang='lat' dir='ltr'><strong>i.</strong></span> <span class='ocrx_word' id='word_1_118' title='bbox 1102 1511 1128 1553; x_wconf 89' lang='lat' dir='ltr'><strong>e.</strong></span> <span class='ocrx_word' id='word_1_119' title='bbox 1150 1513 1207 1552; x_wconf 93' lang='lat' dir='ltr'><strong>nor</strong></span> <span class='ocrx_word' id='word_1_120' title='bbox 1221 1494 1295 1552; x_wconf 88' lang='lat' dir='ltr'><strong>does</strong></span> <span class='ocrx_word' id='word_1_121' title='bbox 1310 1493 1337 1552; x_wconf 93' lang='lat' dir='ltr'><strong>it</strong></span> <span class='ocrx_word' id='word_1_122' title='bbox 1352 1493 1460 1553; x_wconf 82' lang='lat' dir='ltr'><strong>follow</strong></span> 
     </span>
     <span class='ocr_line' id='line_1_13' title="bbox 267 1592 1460 1671; baseline 0.003 -23"><span class='ocrx_word' id='word_1_123' title='bbox 267 1592 465 1670; x_wconf 86' lang='lat' dir='ltr'><strong>necessarily.</strong></span> <span class='ocrx_word' id='word_1_124' title='bbox 511 1593 710 1671; x_wconf 84' lang='lat' dir='ltr'><strong>Apparently</strong></span> <span class='ocrx_word' id='word_1_125' title='bbox 729 1592 899 1670; x_wconf 87' lang='lat' dir='ltr'><strong>colloquial</strong></span> <span class='ocrx_word' id='word_1_126' title='bbox 921 1612 1025 1669; x_wconf 85' lang='lat' dir='ltr'><strong>usage.</strong></span> <span class='ocrx_word' id='word_1_127' title='bbox 1070 1592 1119 1652; x_wconf 88' lang='lat' dir='ltr'><strong>Cf.</strong></span> <span class='ocrx_word' id='word_1_128' title='bbox 1136 1592 1242 1661; x_wconf 86' lang='lat' dir='ltr'><strong>Quint.</strong></span> <span class='ocrx_word' id='word_1_129' title='bbox 1264 1593 1324 1666; x_wconf 92' lang='grc' dir='ltr'><strong>Ι4,</strong></span> <span class='ocrx_word' id='word_1_130' title='bbox 1340 1593 1380 1650; x_wconf 87' lang='grc'><strong>24</strong></span> <span class='ocrx_word' id='word_1_131' title='bbox 1403 1612 1460 1653; x_wconf 90' lang='lat' dir='ltr'><strong>nec</strong></span> 
     </span>
     <span class='ocr_line' id='line_1_14' title="bbox 268 1690 1457 1770; baseline 0.003 -22"><span class='ocrx_word' id='word_1_132' title='bbox 268 1690 373 1749; x_wconf 91' lang='lat' dir='ltr'><strong>statim</strong></span> <span class='ocrx_word' id='word_1_133' title='bbox 391 1691 576 1769; x_wconf 86' lang='lat' dir='ltr'><strong>diligentem</strong></span> <span class='ocrx_word' id='word_1_134' title='bbox 591 1692 708 1770; x_wconf 91' lang='lat' dir='ltr'><strong>putabo</strong></span> <span class='ocrx_word' id='word_1_135' title='bbox 723 1692 786 1751; x_wconf 91' lang='lat' dir='ltr'><strong>and</strong></span> <span class='ocrx_word' id='word_1_136' title='bbox 800 1691 851 1751; x_wconf 92' lang='lat' dir='ltr'><strong>his</strong></span> <span class='ocrx_word' id='word_1_137' title='bbox 867 1691 1050 1751; x_wconf 91' lang='lat' dir='ltr'><strong>inferential</strong></span> <span class='ocrx_word' id='word_1_138' title='bbox 1065 1710 1121 1750; x_wconf 89' lang='lat' dir='ltr'><strong>nse</strong></span> <span class='ocrx_word' id='word_1_139' title='bbox 1137 1691 1172 1750; x_wconf 93' lang='lat' dir='ltr'><strong>of</strong></span> <span class='ocrx_word' id='word_1_140' title='bbox 1187 1691 1366 1769; x_wconf 73' lang='lat' dir='ltr'><strong>‘protinus&#39;</strong></span> <span class='ocrx_word' id='word_1_141' title='bbox 1387 1711 1413 1752; x_wconf 90' lang='lat' dir='ltr'><strong>e.</strong></span> <span class='ocrx_word' id='word_1_142' title='bbox 1430 1712 1457 1769; x_wconf 91' lang='lat' dir='ltr'><strong>g.</strong></span> 
     </span>
     <span class='ocr_line' id='line_1_15' title="bbox 268 1789 1459 1869; baseline 0.002 -21"><span class='ocrx_word' id='word_1_143' title='bbox 268 1789 350 1848; x_wconf 89' lang='lat' dir='ltr'><strong>VIII</strong></span> <span class='ocrx_word' id='word_1_144' title='bbox 366 1790 430 1863; x_wconf 85' lang='grc'><strong>2,4</strong></span> <span class='ocrx_word' id='word_1_145' title='bbox 452 1810 515 1850; x_wconf 94' lang='lat' dir='ltr'><strong>non</strong></span> <span class='ocrx_word' id='word_1_146' title='bbox 537 1790 693 1868; x_wconf 91' lang='lat' dir='ltr'><strong>quidquid</strong></span> <span class='ocrx_word' id='word_1_147' title='bbox 715 1791 861 1850; x_wconf 85' lang='lat' dir='ltr'><strong>nouerit</strong></span> <span class='ocrx_word' id='word_1_148' title='bbox 883 1790 1055 1868; x_wconf 91' lang='lat' dir='ltr'><strong>proprium,</strong></span> <span class='ocrx_word' id='word_1_149' title='bbox 1072 1790 1217 1867; x_wconf 90' lang='lat' dir='ltr'><strong>protinus</strong></span> <span class='ocrx_word' id='word_1_150' title='bbox 1240 1795 1272 1849; x_wconf 93' lang='lat' dir='ltr'><strong>et</strong></span> <span class='ocrx_word' id='word_1_151' title='bbox 1294 1790 1459 1869; x_wconf 91' lang='lat' dir='ltr'><strong>improprii</strong></span> 
     </span>
     <span class='ocr_line' id='line_1_16' title="bbox 268 1888 524 1949; baseline 0.012 -3"><span class='ocrx_word' id='word_1_152' title='bbox 268 1888 345 1947; x_wconf 83' lang='lat' dir='ltr'><strong>vitio</strong></span> <span class='ocrx_word' id='word_1_153' title='bbox 359 1888 524 1949; x_wconf 88' lang='lat' dir='ltr'><strong>laborabit.</strong></span> 
     </span>
    </p>

    <p class='ocr_par' dir='ltr' id='par_1_6' title="bbox 258 1988 1460 4346">
     <span class='ocr_line' id='line_1_17' title="bbox 307 1988 1458 2067; baseline 0.002 -20"><span class='ocrx_word' id='word_1_154' title='bbox 307 1988 347 2047; x_wconf 89' lang='grc'><strong>16</strong></span> <span class='ocrx_word' id='word_1_155' title='bbox 368 1989 449 2049; x_wconf 85' lang='lat' dir='ltr'><strong>vitio</strong></span> <span class='ocrx_word' id='word_1_156' title='bbox 461 1993 568 2049; x_wconf 85' lang='lat' dir='ltr'><strong>autem</strong></span> <span class='ocrx_word' id='word_1_157' title='bbox 585 1989 802 2067; x_wconf 77' lang='lat' dir='ltr'><strong>malignitatis</strong></span> <span class='ocrx_word' id='word_1_158' title='bbox 814 1991 973 2051; x_wconf 87' lang='lat' dir='ltr'><strong>humanae</strong></span> <span class='ocrx_word' id='word_1_159' title='bbox 983 1994 1092 2051; x_wconf 79' lang='lat' dir='ltr'><strong>vetera</strong></span> <span class='ocrx_word' id='word_1_160' title='bbox 1103 2006 1225 2067; x_wconf 81' lang='lat' dir='ltr'><strong>semper</strong></span> <span class='ocrx_word' id='word_1_161' title='bbox 1237 1990 1272 2049; x_wconf 87' lang='lat' dir='ltr'><strong>in</strong></span> <span class='ocrx_word' id='word_1_162' title='bbox 1285 1990 1379 2050; x_wconf 89' lang='lat' dir='ltr'><strong>laude</strong></span> <span class='ocrx_word' id='word_1_163' title='bbox 1396 1996 1458 2049; x_wconf 86' lang='lat' dir='ltr'><strong>eto:</strong></span> 
     </span>
     <span class='ocr_line' id='line_1_18' title="bbox 269 2086 1460 2166; baseline 0.003 -22"><span class='ocrx_word' id='word_1_164' title='bbox 269 2087 332 2147; x_wconf 86' lang='lat' dir='ltr'><strong>The</strong></span> <span class='ocrx_word' id='word_1_165' title='bbox 348 2086 462 2164; x_wconf 89' lang='lat' dir='ltr'><strong>golden</strong></span> <span class='ocrx_word' id='word_1_166' title='bbox 478 2087 607 2164; x_wconf 87' lang='lat' dir='ltr'><strong>agebas</strong></span> <span class='ocrx_word' id='word_1_167' title='bbox 630 2087 748 2165; x_wconf 87' lang='lat' dir='ltr'><strong>always</strong></span> <span class='ocrx_word' id='word_1_168' title='bbox 768 2088 847 2147; x_wconf 90' lang='lat' dir='ltr'><strong>been</strong></span> <span class='ocrx_word' id='word_1_169' title='bbox 863 2088 974 2166; x_wconf 91' lang='lat' dir='ltr'><strong>placed</strong></span> <span class='ocrx_word' id='word_1_170' title='bbox 996 2088 1028 2146; x_wconf 91' lang='lat' dir='ltr'><strong>in</strong></span> <span class='ocrx_word' id='word_1_171' title='bbox 1052 2088 1107 2146; x_wconf 91' lang='lat' dir='ltr'><strong>the</strong></span> <span class='ocrx_word' id='word_1_172' title='bbox 1131 2094 1203 2166; x_wconf 88' lang='lat' dir='ltr'><strong>past</strong></span> <span class='ocrx_word' id='word_1_173' title='bbox 1226 2088 1288 2146; x_wconf 92' lang='lat' dir='ltr'><strong>and</strong></span> <span class='ocrx_word' id='word_1_174' title='bbox 1311 2088 1365 2146; x_wconf 91' lang='lat' dir='ltr'><strong>the</strong></span> <span class='ocrx_word' id='word_1_175' title='bbox 1388 2088 1460 2148; x_wconf 91' lang='lat' dir='ltr'><strong>idea</strong></span> 
     </span>
     <span class='ocr_line' id='line_1_19' title="bbox 268 2185 1459 2266; baseline 0.002 -23"><span class='ocrx_word' id='word_1_176' title='bbox 268 2185 335 2245; x_wconf 89' lang='lat' dir='ltr'><strong>that</strong></span> <span class='ocrx_word' id='word_1_177' title='bbox 357 2185 530 2262; x_wconf 72' lang='lat' dir='ltr'><strong>‘blessings</strong></span> <span class='ocrx_word' id='word_1_178' title='bbox 545 2186 694 2264; x_wconf 90' lang='lat' dir='ltr'><strong>brighten</strong></span> <span class='ocrx_word' id='word_1_179' title='bbox 709 2206 743 2246; x_wconf 78' lang='lat' dir='ltr'><strong>aa</strong></span> <span class='ocrx_word' id='word_1_180' title='bbox 758 2187 834 2265; x_wconf 91' lang='lat' dir='ltr'><strong>they</strong></span> <span class='ocrx_word' id='word_1_181' title='bbox 850 2187 925 2246; x_wconf 88' lang='lat' dir='ltr'><strong>take</strong></span> <span class='ocrx_word' id='word_1_182' title='bbox 946 2187 1031 2246; x_wconf 91' lang='lat' dir='ltr'><strong>their</strong></span> <span class='ocrx_word' id='word_1_183' title='bbox 1052 2187 1163 2264; x_wconf 89' lang='lat' dir='ltr'><strong>flight&#39;</strong></span> <span class='ocrx_word' id='word_1_184' title='bbox 1179 2187 1235 2246; x_wconf 89' lang='lat' dir='ltr'><strong>has</strong></span> <span class='ocrx_word' id='word_1_185' title='bbox 1258 2187 1459 2266; x_wconf 83' lang='lat' dir='ltr'><strong>accordingly</strong></span> 
     </span>
     <span class='ocr_line' id='line_1_20' title="bbox 268 2284 1458 2364; baseline 0.004 -23"><span class='ocrx_word' id='word_1_186' title='bbox 268 2303 340 2363; x_wconf 78' lang='lat' dir='ltr'><strong>very</strong></span> <span class='ocrx_word' id='word_1_187' title='bbox 352 2284 536 2364; x_wconf 81' lang='lat' dir='ltr'><strong>frequently</strong></span> <span class='ocrx_word' id='word_1_188' title='bbox 545 2285 645 2345; x_wconf 80' lang='lat' dir='ltr'><strong>found</strong></span> <span class='ocrx_word' id='word_1_189' title='bbox 659 2286 897 2363; x_wconf 88' lang='lat' dir='ltr'><strong>epigrammatie</strong></span> <span class='ocrx_word' id='word_1_190' title='bbox 909 2287 1101 2364; x_wconf 86' lang='lat' dir='ltr'><strong>expression,</strong></span> <span class='ocrx_word' id='word_1_191' title='bbox 1117 2285 1238 2362; x_wconf 89' lang='lat' dir='ltr'><strong>though</strong></span> <span class='ocrx_word' id='word_1_192' title='bbox 1254 2291 1309 2344; x_wconf 89' lang='lat' dir='ltr'><strong>not</strong></span> <span class='ocrx_word' id='word_1_193' title='bbox 1323 2285 1458 2346; x_wconf 85' lang='lat' dir='ltr'><strong>without</strong></span> 
     </span>
     <span class='ocr_line' id='line_1_21' title="bbox 267 2384 1457 2464; baseline 0.001 -22"><span class='ocrx_word' id='word_1_194' title='bbox 267 2384 395 2444; x_wconf 90' lang='lat' dir='ltr'><strong>deoided</strong></span> <span class='ocrx_word' id='word_1_195' title='bbox 423 2390 571 2463; x_wconf 88' lang='lat' dir='ltr'><strong>protests,</strong></span> <span class='ocrx_word' id='word_1_196' title='bbox 601 2384 773 2464; x_wconf 86' lang='lat' dir='ltr'><strong>especially</strong></span> <span class='ocrx_word' id='word_1_197' title='bbox 803 2405 944 2444; x_wconf 90' lang='lat' dir='ltr'><strong>common</strong></span> <span class='ocrx_word' id='word_1_198' title='bbox 973 2386 1006 2443; x_wconf 91' lang='lat' dir='ltr'><strong>in</strong></span> <span class='ocrx_word' id='word_1_199' title='bbox 1036 2386 1200 2463; x_wconf 81' lang='lat' dir='ltr'><strong>postAug.</strong></span> <span class='ocrx_word' id='word_1_200' title='bbox 1230 2384 1363 2444; x_wconf 89' lang='lat' dir='ltr'><strong>writers.</strong></span> <span class='ocrx_word' id='word_1_201' title='bbox 1419 2386 1457 2443; x_wconf 89' lang='lat' dir='ltr'><strong>ln</strong></span> 
     </span>
     <span class='ocr_line' id='line_1_22' title="bbox 267 2483 1456 2562; baseline 0 -20"><span class='ocrx_word' id='word_1_202' title='bbox 267 2483 407 2543; x_wconf 89' lang='lat' dir='ltr'><strong>addition</strong></span> <span class='ocrx_word' id='word_1_203' title='bbox 432 2489 466 2542; x_wconf 91' lang='lat' dir='ltr'><strong>to</strong></span> <span class='ocrx_word' id='word_1_204' title='bbox 491 2483 545 2543; x_wconf 93' lang='lat' dir='ltr'><strong>the</strong></span> <span class='ocrx_word' id='word_1_205' title='bbox 571 2502 718 2561; x_wconf 88' lang='lat' dir='ltr'><strong>passages</strong></span> <span class='ocrx_word' id='word_1_206' title='bbox 744 2484 871 2562; x_wconf 88' lang='lat' dir='ltr'><strong>already</strong></span> <span class='ocrx_word' id='word_1_207' title='bbox 898 2484 982 2544; x_wconf 90' lang='lat' dir='ltr'><strong>cited</strong></span> <span class='ocrx_word' id='word_1_208' title='bbox 1007 2490 1040 2543; x_wconf 92' lang='lat' dir='ltr'><strong>to</strong></span> <span class='ocrx_word' id='word_1_209' title='bbox 1065 2503 1089 2542; x_wconf 91' lang='grc' dir='ltr'><strong>ο.</strong></span> <span class='ocrx_word' id='word_1_210' title='bbox 1107 2484 1146 2541; x_wconf 87' lang='grc'><strong>12</strong></span> <span class='ocrx_word' id='word_1_211' title='bbox 1173 2493 1204 2541; x_wconf 80' lang='lat'><strong>12</strong></span> <span class='ocrx_word' id='word_1_212' title='bbox 1228 2484 1289 2543; x_wconf 88' lang='lat' dir='ltr'><strong>and</strong></span> <span class='ocrx_word' id='word_1_213' title='bbox 1314 2485 1353 2542; x_wconf 85' lang='lat'><strong>15</strong></span> <span class='ocrx_word' id='word_1_214' title='bbox 1370 2495 1396 2557; x_wconf 79' lang='lat'><strong>2,</strong></span> <span class='ocrx_word' id='word_1_215' title='bbox 1416 2485 1456 2542; x_wconf 90' lang='lat' dir='ltr'><strong>cf.</strong></span> 
     </span>
     <span class='ocr_line' id='line_1_23' title="bbox 268 2582 1449 2668; baseline 0.003 -28"><span class='ocrx_word' id='word_1_216' title='bbox 268 2582 441 2642; x_wconf 89' lang='lat' dir='ltr'><strong>Menander</strong></span> <span class='ocrx_word' id='word_1_217' title='bbox 458 2582 505 2666; x_wconf 73' lang='lat' dir='ltr'><strong>(f)</strong></span> <span class='ocrx_word' id='word_1_218' title='bbox 521 2603 570 2661; x_wconf 90' lang='lat' dir='ltr'><strong>ap.</strong></span> <span class='ocrx_word' id='word_1_219' title='bbox 589 2583 673 2642; x_wconf 86' lang='lat' dir='ltr'><strong>Stob.</strong></span> <span class='ocrx_word' id='word_1_220' title='bbox 691 2584 761 2656; x_wconf 81' lang='lat'><strong>125,</strong></span> <span class='ocrx_word' id='word_1_221' title='bbox 778 2584 797 2642; x_wconf 87' lang='lat'><strong>3</strong></span> <span class='ocrx_word' id='word_1_222' title='bbox 820 2583 903 2643; x_wconf 71' lang='grc' dir='ltr'>δεινοὶ</span> <span class='ocrx_word' id='word_1_223' title='bbox 924 2586 979 2662; x_wconf 76' lang='grc' dir='ltr'><strong>γὰρ</strong></span> <span class='ocrx_word' id='word_1_224' title='bbox 1002 2583 1078 2660; x_wconf 83' lang='grc' dir='ltr'>ἀνδρὶ</span> <span class='ocrx_word' id='word_1_225' title='bbox 1100 2586 1201 2646; x_wconf 81' lang='grc' dir='ltr'>πάντες</span> <span class='ocrx_word' id='word_1_226' title='bbox 1224 2585 1311 2659; x_wconf 74' lang='grc' dir='ltr'>ἐσμὲν</span> <span class='ocrx_word' id='word_1_227' title='bbox 1332 2583 1449 2668; x_wconf 62' lang='lat' dir='ltr'><strong>&lt;deiecti</strong></span> 
     </span>
     <span class='ocr_line' id='line_1_24' title="bbox 267 2681 1455 2758; baseline 0 -17"><span class='ocrx_word' id='word_1_228' title='bbox 267 2685 350 2742; x_wconf 78' lang='grc' dir='ltr'>Ζῶντι</span> <span class='ocrx_word' id='word_1_229' title='bbox 374 2683 526 2758; x_wconf 76' lang='grc' dir='ltr'>φθονῆσαι,</span> <span class='ocrx_word' id='word_1_230' title='bbox 543 2683 714 2744; x_wconf 82' lang='grc' dir='ltr'>κατθανόντα</span> <span class='ocrx_word' id='word_1_231' title='bbox 729 2681 756 2742; x_wconf 81' lang='grc' dir='ltr'><strong>δ’</strong></span> <span class='ocrx_word' id='word_1_232' title='bbox 771 2683 886 2756; x_wconf 73' lang='grc' dir='ltr'><strong>αἰνέσαι,</strong></span> <span class='ocrx_word' id='word_1_233' title='bbox 903 2681 1048 2740; x_wconf 74' lang='lat' dir='ltr'><strong>imitated</strong></span> <span class='ocrx_word' id='word_1_234' title='bbox 1063 2682 1104 2758; x_wconf 85' lang='lat' dir='ltr'><strong>by</strong></span> <span class='ocrx_word' id='word_1_235' title='bbox 1121 2681 1197 2740; x_wconf 85' lang='lat' dir='ltr'><strong>Hor.</strong></span> <span class='ocrx_word' id='word_1_236' title='bbox 1222 2683 1255 2742; x_wconf 86' lang='lat' dir='ltr'><strong>C.</strong></span> <span class='ocrx_word' id='word_1_237' title='bbox 1277 2682 1331 2740; x_wconf 91' lang='lat' dir='ltr'><strong>III</strong></span> <span class='ocrx_word' id='word_1_238' title='bbox 1351 2683 1400 2756; x_wconf 79' lang='grc'><strong>24,</strong></span> <span class='ocrx_word' id='word_1_239' title='bbox 1417 2684 1455 2741; x_wconf 89' lang='grc'><strong>31</strong></span> 
     </span>
     <span class='ocr_line' id='line_1_25' title="bbox 267 2779 1455 2865; baseline 0.002 -27"><span class='ocrx_word' id='word_1_240' title='bbox 267 2780 414 2839; x_wconf 88' lang='lat' dir='ltr'><strong>virtutem</strong></span> <span class='ocrx_word' id='word_1_241' title='bbox 430 2780 618 2840; x_wconf 87' lang='lat' dir='ltr'><strong>ineolumem</strong></span> <span class='ocrx_word' id='word_1_242' title='bbox 634 2781 757 2840; x_wconf 90' lang='lat' dir='ltr'><strong>odimus</strong></span> <span class='ocrx_word' id='word_1_243' title='bbox 777 2779 782 2865; x_wconf 85' lang='grc'><strong>1</strong></span> <span class='ocrx_word' id='word_1_244' title='bbox 801 2781 958 2840; x_wconf 86' lang='lat' dir='ltr'><strong>sublatam</strong></span> <span class='ocrx_word' id='word_1_245' title='bbox 973 2800 1011 2839; x_wconf 86' lang='lat' dir='ltr'><strong>ex</strong></span> <span class='ocrx_word' id='word_1_246' title='bbox 1033 2780 1132 2840; x_wconf 90' lang='lat' dir='ltr'><strong>oculis</strong></span> <span class='ocrx_word' id='word_1_247' title='bbox 1148 2781 1328 2857; x_wconf 88' lang='lat' dir='ltr'><strong>quaerimus</strong></span> <span class='ocrx_word' id='word_1_248' title='bbox 1345 2781 1455 2841; x_wconf 85' lang='lat' dir='ltr'><strong>invidi.</strong></span> 
     </span>
     <span class='ocr_line' id='line_1_26' title="bbox 267 2878 1455 2959; baseline 0.006 -22"><span class='ocrx_word' id='word_1_249' title='bbox 267 2878 346 2938; x_wconf 89' lang='lat' dir='ltr'><strong>Plut.</strong></span> <span class='ocrx_word' id='word_1_250' title='bbox 364 2880 434 2939; x_wconf 83' lang='lat' dir='ltr'><strong>Per.</strong></span> <span class='ocrx_word' id='word_1_251' title='bbox 450 2882 491 2941; x_wconf 85' lang='lat'><strong>39</strong></span> <span class='ocrx_word' id='word_1_252' title='bbox 513 2884 541 2940; x_wconf 84' lang='lat' dir='ltr'><strong>oi</strong></span> <span class='ocrx_word' id='word_1_253' title='bbox 555 2884 658 2954; x_wconf 81' lang='grc' dir='ltr'>ζῶντος</span> <span class='ocrx_word' id='word_1_254' title='bbox 680 2881 866 2959; x_wconf 81' lang='grc' dir='ltr'>βαρυνόμενοι</span> <span class='ocrx_word' id='word_1_255' title='bbox 887 2883 941 2957; x_wconf 83' lang='grc' dir='ltr'><strong>τὴν</strong></span> <span class='ocrx_word' id='word_1_256' title='bbox 959 2880 1080 2956; x_wconf 77' lang='grc' dir='ltr'><strong>δύναμιν,</strong></span> <span class='ocrx_word' id='word_1_257' title='bbox 1097 2879 1132 2943; x_wconf 77' lang='grc' dir='ltr'><strong>ὥς</strong></span> <span class='ocrx_word' id='word_1_258' title='bbox 1152 2885 1333 2958; x_wconf 78' lang='grc' dir='ltr'>ἀμαυροῦσαν</span> <span class='ocrx_word' id='word_1_259' title='bbox 1345 2885 1455 2952; x_wconf 81' lang='grc' dir='ltr'>αὐτούς,</span> 
     </span>
     <span class='ocr_line' id='line_1_27' title="bbox 267 2979 1457 3059; baseline -0.003 -17"><span class='ocrx_word' id='word_1_260' title='bbox 267 2979 342 3042; x_wconf 63' lang='lat' dir='ltr'><strong>uidit</strong></span> <span class='ocrx_word' id='word_1_261' title='bbox 367 2983 399 3038; x_wconf 67' lang='grc' dir='ltr'><strong>ἐκ</strong></span> <span class='ocrx_word' id='word_1_262' title='bbox 421 2979 514 3040; x_wconf 85' lang='grc' dir='ltr'>ποδῶν</span> <span class='ocrx_word' id='word_1_263' title='bbox 537 2980 687 3059; x_wconf 72' lang='grc' dir='ltr'>γενομένου</span> <span class='ocrx_word' id='word_1_264' title='bbox 789 2983 1024 3058; x_wconf 79' lang='grc' dir='ltr'>ἀνωμολογοῦντο</span> <span class='ocrx_word' id='word_1_265' title='bbox 1049 2980 1239 3056; x_wconf 82' lang='grc' dir='ltr'>μετριώτερον</span> <span class='ocrx_word' id='word_1_266' title='bbox 1263 2983 1293 3040; x_wconf 70' lang='grc' dir='ltr'><strong>ἓν</strong></span> <span class='ocrx_word' id='word_1_267' title='bbox 1313 2980 1389 3058; x_wconf 84' lang='grc' dir='ltr'>ὄγκῳ</span> <span class='ocrx_word' id='word_1_268' title='bbox 1413 2982 1457 3039; x_wconf 82' lang='grc' dir='ltr'><strong>καὶ</strong></span> 
     </span>
     <span class='ocr_line' id='line_1_28' title="bbox 267 3076 1456 3158; baseline 0 -22"><span class='ocrx_word' id='word_1_269' title='bbox 267 3078 434 3156; x_wconf 73' lang='grc' dir='ltr'>σεμνότερον</span> <span class='ocrx_word' id='word_1_270' title='bbox 447 3082 477 3138; x_wconf 71' lang='grc' dir='ltr'><strong>ἓν</strong></span> <span class='ocrx_word' id='word_1_271' title='bbox 490 3077 634 3158; x_wconf 58' lang='grc' dir='ltr'>πρᾳότητι</span> <span class='ocrx_word' id='word_1_272' title='bbox 648 3081 688 3155; x_wconf 78' lang='grc' dir='ltr'><strong>μὴ</strong></span> <span class='ocrx_word' id='word_1_273' title='bbox 703 3083 789 3152; x_wconf 80' lang='grc' dir='ltr'>φῦναι</span> <span class='ocrx_word' id='word_1_274' title='bbox 804 3077 922 3156; x_wconf 84' lang='grc' dir='ltr'>τρόπον.</span> <span class='ocrx_word' id='word_1_275' title='bbox 975 3077 1038 3137; x_wconf 82' lang='lat' dir='ltr'><strong>Cic.</strong></span> <span class='ocrx_word' id='word_1_276' title='bbox 1056 3076 1140 3136; x_wconf 83' lang='lat' dir='ltr'><strong>Lael.</strong></span> <span class='ocrx_word' id='word_1_277' title='bbox 1158 3079 1186 3152; x_wconf 91' lang='lat'><strong>1,</strong></span> <span class='ocrx_word' id='word_1_278' title='bbox 1202 3080 1222 3135; x_wconf 91' lang='grc'>4</span> <span class='ocrx_word' id='word_1_279' title='bbox 1246 3077 1278 3135; x_wconf 86' lang='lat' dir='ltr'><strong>lu</strong></span> <span class='ocrx_word' id='word_1_280' title='bbox 1294 3077 1456 3136; x_wconf 86' lang='lat' dir='ltr'><strong>hominum</strong></span> 
     </span>
     <span class='ocr_line' id='line_1_29' title="bbox 266 3176 1456 3254; baseline 0.003 -22"><span class='ocrx_word' id='word_1_281' title='bbox 266 3182 405 3235; x_wconf 87' lang='lat' dir='ltr'><strong>veterum</strong></span> <span class='ocrx_word' id='word_1_282' title='bbox 430 3177 619 3237; x_wconf 88' lang='lat' dir='ltr'><strong>auctoritate</strong></span> <span class='ocrx_word' id='word_1_283' title='bbox 649 3183 811 3236; x_wconf 87' lang='lat' dir='ltr'><strong>eteorum</strong></span> <span class='ocrx_word' id='word_1_284' title='bbox 838 3176 1011 3235; x_wconf 89' lang='lat' dir='ltr'><strong>illustrium</strong></span> <span class='ocrx_word' id='word_1_285' title='bbox 1037 3177 1109 3254; x_wconf 91' lang='lat' dir='ltr'><strong>plus</strong></span> <span class='ocrx_word' id='word_1_286' title='bbox 1138 3177 1244 3236; x_wconf 87' lang='lat' dir='ltr'><strong>nescio</strong></span> <span class='ocrx_word' id='word_1_287' title='bbox 1273 3197 1335 3253; x_wconf 90' lang='lat' dir='ltr'><strong>quo</strong></span> <span class='ocrx_word' id='word_1_288' title='bbox 1365 3184 1456 3254; x_wconf 85' lang='lat' dir='ltr'><strong>paeto</strong></span> 
     </span>
     <span class='ocr_line' id='line_1_30' title="bbox 266 3275 1456 3353; baseline 0.002 -19"><span class='ocrx_word' id='word_1_289' title='bbox 266 3275 388 3336; x_wconf 83' lang='lat' dir='ltr'><strong>videtur</strong></span> <span class='ocrx_word' id='word_1_290' title='bbox 404 3321 410 3335; x_wconf 90' lang='lat'>.</span> <span class='ocrx_word' id='word_1_291' title='bbox 428 3322 435 3335; x_wconf 92' lang='lat'><strong>.</strong></span> <span class='ocrx_word' id='word_1_292' title='bbox 452 3321 458 3336; x_wconf 90' lang='lat'>.</span> <span class='ocrx_word' id='word_1_293' title='bbox 476 3277 643 3353; x_wconf 81' lang='lat' dir='ltr'><strong>gravitatis</strong></span> <span class='ocrx_word' id='word_1_294' title='bbox 673 3276 753 3336; x_wconf 90' lang='lat' dir='ltr'><strong>Vell.</strong></span> <span class='ocrx_word' id='word_1_295' title='bbox 776 3277 847 3335; x_wconf 83' lang='lat' dir='ltr'><strong>Pat.</strong></span> <span class='ocrx_word' id='word_1_296' title='bbox 871 3276 905 3334; x_wconf 92' lang='grc' dir='ltr'><strong>ΙΙ</strong></span> <span class='ocrx_word' id='word_1_297' title='bbox 922 3277 971 3349; x_wconf 85' lang='grc'><strong>92,</strong></span> <span class='ocrx_word' id='word_1_298' title='bbox 987 3278 1007 3333; x_wconf 94' lang='grc'>4</span> <span class='ocrx_word' id='word_1_299' title='bbox 1022 3275 1203 3353; x_wconf 89' lang='lat' dir='ltr'><strong>praesentia</strong></span> <span class='ocrx_word' id='word_1_300' title='bbox 1224 3276 1353 3349; x_wconf 88' lang='lat' dir='ltr'><strong>invidia,</strong></span> <span class='ocrx_word' id='word_1_301' title='bbox 1370 3295 1456 3353; x_wconf 81' lang='lat' dir='ltr'><strong>prae</strong></span> 
     </span>
     <span class='ocr_line' id='line_1_31' title="bbox 264 3375 1456 3454; baseline 0.001 -20"><span class='ocrx_word' id='word_1_302' title='bbox 264 3375 358 3435; x_wconf 90' lang='lat' dir='ltr'><strong>terita</strong></span> <span class='ocrx_word' id='word_1_303' title='bbox 369 3375 570 3435; x_wconf 87' lang='lat' dir='ltr'><strong>veneratione</strong></span> <span class='ocrx_word' id='word_1_304' title='bbox 583 3375 802 3454; x_wconf 90' lang='lat' dir='ltr'><strong>prosequimur</strong></span> <span class='ocrx_word' id='word_1_305' title='bbox 829 3376 898 3434; x_wconf 88' lang='lat' dir='ltr'><strong>Seu.</strong></span> <span class='ocrx_word' id='word_1_306' title='bbox 912 3375 951 3434; x_wconf 89' lang='lat' dir='ltr'><strong>ad</strong></span> <span class='ocrx_word' id='word_1_307' title='bbox 968 3376 1064 3434; x_wconf 90' lang='lat' dir='ltr'><strong>Marc.</strong></span> <span class='ocrx_word' id='word_1_308' title='bbox 1079 3376 1127 3448; x_wconf 87' lang='lat'><strong>16,</strong></span> <span class='ocrx_word' id='word_1_309' title='bbox 1141 3377 1160 3434; x_wconf 85' lang='lat'>9</span> <span class='ocrx_word' id='word_1_310' title='bbox 1176 3381 1225 3434; x_wconf 91' lang='lat' dir='ltr'><strong>est</strong></span> <span class='ocrx_word' id='word_1_311' title='bbox 1237 3375 1362 3452; x_wconf 90' lang='lat' dir='ltr'><strong>quidem</strong></span> <span class='ocrx_word' id='word_1_312' title='bbox 1379 3375 1456 3435; x_wconf 89' lang='lat' dir='ltr'><strong>haec</strong></span> 
     </span>
     <span class='ocr_line' id='line_1_32' title="bbox 264 3473 1454 3551; baseline -0.001 -17"><span class='ocrx_word' id='word_1_313' title='bbox 264 3480 374 3534; x_wconf 87' lang='lat' dir='ltr'><strong>natura</strong></span> <span class='ocrx_word' id='word_1_314' title='bbox 388 3474 579 3549; x_wconf 89' lang='lat' dir='ltr'><strong>mortalium,</strong></span> <span class='ocrx_word' id='word_1_315' title='bbox 594 3480 631 3534; x_wconf 90' lang='lat' dir='ltr'><strong>ut</strong></span> <span class='ocrx_word' id='word_1_316' title='bbox 652 3474 733 3533; x_wconf 92' lang='lat' dir='ltr'><strong>nihil</strong></span> <span class='ocrx_word' id='word_1_317' title='bbox 756 3474 855 3550; x_wconf 90' lang='lat' dir='ltr'><strong>magis</strong></span> <span class='ocrx_word' id='word_1_318' title='bbox 872 3473 995 3550; x_wconf 86' lang='lat' dir='ltr'><strong>placeat</strong></span> <span class='ocrx_word' id='word_1_319' title='bbox 1009 3493 1104 3551; x_wconf 87' lang='lat' dir='ltr'><strong>quam</strong></span> <span class='ocrx_word' id='word_1_320' title='bbox 1119 3474 1203 3551; x_wconf 93' lang='lat' dir='ltr'><strong>quod</strong></span> <span class='ocrx_word' id='word_1_321' title='bbox 1225 3474 1374 3533; x_wconf 88' lang='lat' dir='ltr'><strong>amissum</strong></span> <span class='ocrx_word' id='word_1_322' title='bbox 1395 3480 1454 3551; x_wconf 90' lang='lat' dir='ltr'><strong>est,</strong></span> 
     </span>
     <span class='ocr_line' id='line_1_33' title="bbox 262 3572 1454 3651; baseline 0.001 -19"><span class='ocrx_word' id='word_1_323' title='bbox 262 3572 435 3651; x_wconf 91' lang='lat' dir='ltr'><strong>iniquiores</strong></span> <span class='ocrx_word' id='word_1_324' title='bbox 462 3593 570 3634; x_wconf 91' lang='lat' dir='ltr'><strong>sumus</strong></span> <span class='ocrx_word' id='word_1_325' title='bbox 594 3575 744 3633; x_wconf 90' lang='lat' dir='ltr'><strong>adversus</strong></span> <span class='ocrx_word' id='word_1_326' title='bbox 764 3573 876 3633; x_wconf 90' lang='lat' dir='ltr'><strong>relicta</strong></span> <span class='ocrx_word' id='word_1_327' title='bbox 897 3580 1077 3650; x_wconf 88' lang='lat' dir='ltr'><strong>ereptorum</strong></span> <span class='ocrx_word' id='word_1_328' title='bbox 1099 3573 1255 3632; x_wconf 93' lang='lat' dir='ltr'><strong>desiderio</strong></span> <span class='ocrx_word' id='word_1_329' title='bbox 1294 3573 1331 3631; x_wconf 92' lang='lat' dir='ltr'><strong>de</strong></span> <span class='ocrx_word' id='word_1_330' title='bbox 1350 3573 1454 3633; x_wconf 89' lang='lat' dir='ltr'><strong>benef.</strong></span> 
     </span>
     <span class='ocr_line' id='line_1_34' title="bbox 264 3671 1454 3749; baseline 0.002 -19"><span class='ocrx_word' id='word_1_331' title='bbox 264 3672 392 3746; x_wconf 88' lang='lat'><strong>110,1</strong></span> <span class='ocrx_word' id='word_1_332' title='bbox 420 3672 466 3732; x_wconf 91' lang='lat' dir='ltr'><strong>sic</strong></span> <span class='ocrx_word' id='word_1_333' title='bbox 488 3672 643 3746; x_wconf 89' lang='lat' dir='ltr'><strong>finiamus,</strong></span> <span class='ocrx_word' id='word_1_334' title='bbox 668 3692 707 3732; x_wconf 92' lang='lat' dir='ltr'><strong>ne</strong></span> <span class='ocrx_word' id='word_1_335' title='bbox 734 3672 767 3730; x_wconf 92' lang='lat' dir='ltr'><strong>in</strong></span> <span class='ocrx_word' id='word_1_336' title='bbox 790 3679 898 3731; x_wconf 91' lang='lat' dir='ltr'><strong>nostro</strong></span> <span class='ocrx_word' id='word_1_337' title='bbox 921 3671 1045 3731; x_wconf 84' lang='lat' dir='ltr'><strong>saeculo</strong></span> <span class='ocrx_word' id='word_1_338' title='bbox 1070 3671 1164 3749; x_wconf 89' lang='lat' dir='ltr'><strong>culpa</strong></span> <span class='ocrx_word' id='word_1_339' title='bbox 1189 3671 1339 3730; x_wconf 88' lang='lat' dir='ltr'><strong>subsidat.</strong></span> <span class='ocrx_word' id='word_1_340' title='bbox 1384 3672 1454 3732; x_wconf 93' lang='lat' dir='ltr'><strong>Hoc</strong></span> 
     </span>
     <span class='ocr_line' id='line_1_35' title="bbox 260 3771 1454 3849; baseline 0 -19"><span class='ocrx_word' id='word_1_341' title='bbox 260 3771 393 3831; x_wconf 88' lang='lat' dir='ltr'><strong>maiores</strong></span> <span class='ocrx_word' id='word_1_342' title='bbox 419 3771 519 3831; x_wconf 90' lang='lat' dir='ltr'><strong>nostri</strong></span> <span class='ocrx_word' id='word_1_343' title='bbox 545 3771 650 3849; x_wconf 88' lang='lat' dir='ltr'><strong>questi</strong></span> <span class='ocrx_word' id='word_1_344' title='bbox 676 3778 758 3846; x_wconf 90' lang='lat' dir='ltr'><strong>sunt,</strong></span> <span class='ocrx_word' id='word_1_345' title='bbox 774 3771 833 3831; x_wconf 90' lang='lat' dir='ltr'><strong>hoc</strong></span> <span class='ocrx_word' id='word_1_346' title='bbox 858 3790 914 3830; x_wconf 92' lang='lat' dir='ltr'><strong>nos</strong></span> <span class='ocrx_word' id='word_1_347' title='bbox 930 3771 1101 3848; x_wconf 87' lang='lat' dir='ltr'><strong>querimur,</strong></span> <span class='ocrx_word' id='word_1_348' title='bbox 1127 3771 1185 3829; x_wconf 92' lang='lat' dir='ltr'><strong>hoc</strong></span> <span class='ocrx_word' id='word_1_349' title='bbox 1209 3771 1326 3848; x_wconf 91' lang='lat' dir='ltr'><strong>posteri</strong></span> <span class='ocrx_word' id='word_1_350' title='bbox 1354 3771 1454 3830; x_wconf 87' lang='lat' dir='ltr'><strong>nostri</strong></span> 
     </span>
     <span class='ocr_line' id='line_1_36' title="bbox 260 3869 1455 3947; baseline -0.001 -17"><span class='ocrx_word' id='word_1_351' title='bbox 260 3877 441 3947; x_wconf 87' lang='lat' dir='ltr'><strong>querentur,</strong></span> <span class='ocrx_word' id='word_1_352' title='bbox 458 3890 584 3931; x_wconf 88' lang='lat' dir='ltr'><strong>eversos</strong></span> <span class='ocrx_word' id='word_1_353' title='bbox 602 3890 713 3944; x_wconf 91' lang='lat' dir='ltr'><strong>mores,</strong></span> <span class='ocrx_word' id='word_1_354' title='bbox 729 3889 859 3947; x_wconf 89' lang='lat' dir='ltr'><strong>regnare</strong></span> <span class='ocrx_word' id='word_1_355' title='bbox 871 3869 1056 3947; x_wconf 90' lang='lat' dir='ltr'><strong>nequitiam,</strong></span> <span class='ocrx_word' id='word_1_356' title='bbox 1073 3870 1105 3927; x_wconf 91' lang='lat' dir='ltr'><strong>in</strong></span> <span class='ocrx_word' id='word_1_357' title='bbox 1122 3869 1261 3928; x_wconf 90' lang='lat' dir='ltr'><strong>deterius</strong></span> <span class='ocrx_word' id='word_1_358' title='bbox 1277 3888 1326 3928; x_wconf 91' lang='lat' dir='ltr'><strong>res</strong></span> <span class='ocrx_word' id='word_1_359' title='bbox 1350 3869 1455 3929; x_wconf 79' lang='lat' dir='ltr'><strong>huma</strong></span> 
     </span>
     <span class='ocr_line' id='line_1_37' title="bbox 258 3967 1454 4045; baseline -0.003 -15"><span class='ocrx_word' id='word_1_360' title='bbox 258 3988 316 4030; x_wconf 79' lang='lat' dir='ltr'><strong>nas</strong></span> <span class='ocrx_word' id='word_1_361' title='bbox 332 3975 365 4031; x_wconf 87' lang='lat' dir='ltr'><strong>et</strong></span> <span class='ocrx_word' id='word_1_362' title='bbox 384 3990 475 4031; x_wconf 91' lang='lat' dir='ltr'><strong>omne</strong></span> <span class='ocrx_word' id='word_1_363' title='bbox 492 3971 583 4031; x_wconf 88' lang='lat' dir='ltr'><strong>nefas</strong></span> <span class='ocrx_word' id='word_1_364' title='bbox 599 3970 672 4030; x_wconf 91' lang='lat' dir='ltr'><strong>labi.</strong></span> <span class='ocrx_word' id='word_1_365' title='bbox 695 3971 742 4030; x_wconf 84' lang='lat' dir='ltr'><strong>VI</strong></span> <span class='ocrx_word' id='word_1_366' title='bbox 758 3971 808 4042; x_wconf 86' lang='lat'><strong>32,</strong></span> <span class='ocrx_word' id='word_1_367' title='bbox 824 3971 843 4027; x_wconf 89' lang='grc'>4</span> <span class='ocrx_word' id='word_1_368' title='bbox 866 3969 923 4045; x_wconf 88' lang='lat' dir='ltr'><strong>Ep.</strong></span> <span class='ocrx_word' id='word_1_369' title='bbox 941 3969 1020 4042; x_wconf 78' lang='grc'><strong>97,1</strong></span> <span class='ocrx_word' id='word_1_370' title='bbox 1038 3987 1132 4041; x_wconf 87' lang='lat' dir='ltr'><strong>erras,</strong></span> <span class='ocrx_word' id='word_1_371' title='bbox 1149 3968 1191 4026; x_wconf 90' lang='lat' dir='ltr'><strong>mi</strong></span> <span class='ocrx_word' id='word_1_372' title='bbox 1208 3967 1321 4041; x_wconf 89' lang='lat' dir='ltr'><strong>Lucili,</strong></span> <span class='ocrx_word' id='word_1_373' title='bbox 1343 3968 1370 4026; x_wconf 86' lang='lat' dir='ltr'><strong>si</strong></span> <span class='ocrx_word' id='word_1_374' title='bbox 1391 3969 1454 4027; x_wconf 85' lang='lat' dir='ltr'><strong>exi-</strong></span> 
     </span>
     <span class='ocr_line' id='line_1_38' title="bbox 259 4066 1453 4143; baseline -0.002 -15"><span class='ocrx_word' id='word_1_375' title='bbox 259 4070 370 4132; x_wconf 89' lang='lat' dir='ltr'><strong>stimas</strong></span> <span class='ocrx_word' id='word_1_376' title='bbox 396 4071 496 4131; x_wconf 88' lang='lat' dir='ltr'><strong>nostri</strong></span> <span class='ocrx_word' id='word_1_377' title='bbox 521 4070 639 4131; x_wconf 89' lang='lat' dir='ltr'><strong>saeculi</strong></span> <span class='ocrx_word' id='word_1_378' title='bbox 661 4088 728 4129; x_wconf 91' lang='lat' dir='ltr'><strong>esse</strong></span> <span class='ocrx_word' id='word_1_379' title='bbox 750 4068 865 4127; x_wconf 88' lang='lat' dir='ltr'><strong>vitium</strong></span> <span class='ocrx_word' id='word_1_380' title='bbox 887 4067 1045 4127; x_wconf 87' lang='lat' dir='ltr'><strong>luxuriam</strong></span> <span class='ocrx_word' id='word_1_381' title='bbox 1068 4074 1100 4127; x_wconf 93' lang='lat' dir='ltr'><strong>et</strong></span> <span class='ocrx_word' id='word_1_382' title='bbox 1125 4066 1350 4143; x_wconf 86' lang='lat' dir='ltr'><strong>negligentiam</strong></span> <span class='ocrx_word' id='word_1_383' title='bbox 1380 4068 1453 4128; x_wconf 93' lang='lat' dir='ltr'><strong>boni</strong></span> 
     </span>
     <span class='ocr_line' id='line_1_39' title="bbox 259 4166 1454 4247; baseline -0.003 -17"><span class='ocrx_word' id='word_1_384' title='bbox 259 4171 355 4230; x_wconf 88' lang='lat' dir='ltr'><strong>moris</strong></span> <span class='ocrx_word' id='word_1_385' title='bbox 370 4176 403 4230; x_wconf 92' lang='lat' dir='ltr'><strong>et</strong></span> <span class='ocrx_word' id='word_1_386' title='bbox 418 4170 482 4230; x_wconf 86' lang='lat' dir='ltr'><strong>alia</strong></span> <span class='ocrx_word' id='word_1_387' title='bbox 496 4188 576 4247; x_wconf 88' lang='lat' dir='ltr'><strong>quae</strong></span> <span class='ocrx_word' id='word_1_388' title='bbox 591 4169 706 4229; x_wconf 91' lang='lat' dir='ltr'><strong>obiecit</strong></span> <span class='ocrx_word' id='word_1_389' title='bbox 727 4187 802 4227; x_wconf 90' lang='lat' dir='ltr'><strong>suus</strong></span> <span class='ocrx_word' id='word_1_390' title='bbox 819 4167 952 4245; x_wconf 91' lang='lat' dir='ltr'><strong>quisque</strong></span> <span class='ocrx_word' id='word_1_391' title='bbox 975 4166 1189 4244; x_wconf 88' lang='lat' dir='ltr'><strong>temporibus:</strong></span> <span class='ocrx_word' id='word_1_392' title='bbox 1212 4166 1375 4226; x_wconf 91' lang='lat' dir='ltr'><strong>hominum</strong></span> <span class='ocrx_word' id='word_1_393' title='bbox 1391 4167 1454 4226; x_wconf 90' lang='lat' dir='ltr'><strong>ista</strong></span> 
     </span>
     <span class='ocr_line' id='line_1_40' title="bbox 261 4263 1453 4346; baseline -0.002 -18"><span class='ocrx_word' id='word_1_394' title='bbox 261 4275 334 4329; x_wconf 88' lang='lat' dir='ltr'><strong>sunt</strong></span> <span class='ocrx_word' id='word_1_395' title='bbox 357 4287 420 4330; x_wconf 94' lang='lat' dir='ltr'><strong>non</strong></span> <span class='ocrx_word' id='word_1_396' title='bbox 444 4273 631 4346; x_wconf 89' lang='lat' dir='ltr'><strong>temporum.</strong></span> <span class='ocrx_word' id='word_1_397' title='bbox 655 4266 744 4326; x_wconf 90' lang='lat' dir='ltr'><strong>nulla</strong></span> <span class='ocrx_word' id='word_1_398' title='bbox 766 4271 853 4326; x_wconf 86' lang='lat' dir='ltr'><strong>aetas</strong></span> <span class='ocrx_word' id='word_1_399' title='bbox 869 4265 995 4325; x_wconf 86' lang='lat' dir='ltr'><strong>vacavit</strong></span> <span class='ocrx_word' id='word_1_400' title='bbox 1017 4285 1036 4324; x_wconf 91' lang='lat' dir='ltr'><strong>a</strong></span> <span class='ocrx_word' id='word_1_401' title='bbox 1057 4263 1157 4342; x_wconf 90' lang='lat' dir='ltr'><strong>culpa.</strong></span> <span class='ocrx_word' id='word_1_402' title='bbox 1182 4266 1263 4324; x_wconf 90' lang='lat' dir='ltr'><strong>etsi</strong></span> <span class='ocrx_word' id='word_1_403' title='bbox 1286 4266 1453 4326; x_wconf 90' lang='lat' dir='ltr'><strong>aestimare</strong></span> 
     </span>
    </p>
   </div>
   <div class='ocr_carea' id='block_1_6' title="bbox 0 0 1730 4912">
    <p class='ocr_par' dir='ltr' id='par_1_7' title="bbox 0 0 1730 4912">
     <span class='ocr_line' id='line_1_41' title="bbox 0 0 1730 4912; baseline 0 1"><span class='ocrx_word' id='word_1_404' title='bbox 0 0 1730 4912; x_wconf 95' lang='lat' dir='ltr'><strong> </strong></span> 
     </span>
    </p>
   </div>
  </div>
 </body>
</html>
