<?xml version="1.0" encoding="UTF-8"?>
<!DOCTYPE html PUBLIC "-//W3C//DTD XHTML 1.0 Transitional//EN"
    "http://www.w3.org/TR/xhtml1/DTD/xhtml1-transitional.dtd">
<html xmlns="http://www.w3.org/1999/xhtml" xml:lang="en" lang="en">
 <head>
  <title>
</title>
<meta http-equiv="Content-Type" content="text/html;charset=utf-8" />
  <meta name='ocr-system' content='tesseract 3.04.00' />
  <meta name='ocr-capabilities' content='ocr_page ocr_carea ocr_par ocr_line ocrx_word'/>
</head>
<body>
  <div class='ocr_page' id='page_1' title='image "./dialogusdeorato00gudegoog_0172.png"; bbox 0 0 3428 4912; ppageno 0'>
   <div class='ocr_carea' id='block_1_1' title="bbox 482 328 1341 393">
    <p class='ocr_par' dir='ltr' id='par_1_1' title="bbox 482 328 1341 393">
     <span class='ocr_line' id='line_1_1' title="bbox 482 328 1341 393; baseline 0 -1"><span class='ocrx_word' id='word_1_1' title='bbox 482 340 667 393; x_wconf 81' lang='lat' dir='ltr'>omnosus</span> <span class='ocrx_word' id='word_1_2' title='bbox 690 341 740 391; x_wconf 84' lang='lat' dir='ltr'>nn</span> <span class='ocrx_word' id='word_1_3' title='bbox 764 339 1005 393; x_wconf 79' lang='lat' dir='ltr'>orarosmus</span> <span class='ocrx_word' id='word_1_4' title='bbox 1300 328 1341 392; x_wconf 81' lang='lat'>25</span> 
     </span>
    </p>
   </div>
   <div class='ocr_carea' id='block_1_2' title="bbox 145 515 1394 728">
    <p class='ocr_par' dir='ltr' id='par_1_2' title="bbox 145 515 1394 728">
     <span class='ocr_line' id='line_1_2' title="bbox 145 515 1394 604; baseline -0.001 -21"><span class='ocrx_word' id='word_1_5' title='bbox 145 526 205 583; x_wconf 91' lang='lat' dir='ltr'>aut</span> <span class='ocrx_word' id='word_1_6' title='bbox 221 517 314 582; x_wconf 91' lang='lat' dir='ltr'>Aulo</span> <span class='ocrx_word' id='word_1_7' title='bbox 332 516 476 582; x_wconf 86' lang='lat' dir='ltr'>Caecina</span> <span class='ocrx_word' id='word_1_8' title='bbox 494 515 661 604; x_wconf 88' lang='lat' dir='ltr'>legimus?</span> <span class='ocrx_word' id='word_1_9' title='bbox 707 516 892 601; x_wconf 83' lang='lat' dir='ltr'>praecurrit</span> <span class='ocrx_word' id='word_1_10' title='bbox 915 517 977 582; x_wconf 88' lang='lat' dir='ltr'>hoe</span> <span class='ocrx_word' id='word_1_11' title='bbox 1001 523 1150 603; x_wconf 88' lang='lat' dir='ltr'>tempore</span> <span class='ocrx_word' id='word_1_12' title='bbox 1172 517 1275 584; x_wconf 86' lang='lat' dir='ltr'>iudex</span> <span class='ocrx_word' id='word_1_13' title='bbox 1297 519 1345 583; x_wconf 92' lang='lat' dir='ltr'>di·</span> <span class='ocrx_word' id='word_1_14' title='bbox 1377 533 1394 582; x_wconf 81' lang='lat'><strong>5</strong></span> 
     </span>
     <span class='ocr_line' id='line_1_3' title="bbox 147 642 1344 728; baseline 0.001 -20"><span class='ocrx_word' id='word_1_15' title='bbox 147 651 278 708; x_wconf 84' lang='lat' dir='ltr'>centem</span> <span class='ocrx_word' id='word_1_16' title='bbox 294 650 330 708; x_wconf 91' lang='lat' dir='ltr'>et</span> <span class='ocrx_word' id='word_1_17' title='bbox 344 643 409 706; x_wconf 89' lang='lat' dir='ltr'>nisi</span> <span class='ocrx_word' id='word_1_18' title='bbox 426 649 486 706; x_wconf 87' lang='lat' dir='ltr'>aut</span> <span class='ocrx_word' id='word_1_19' title='bbox 502 663 602 706; x_wconf 86' lang='lat' dir='ltr'>eursu</span> <span class='ocrx_word' id='word_1_20' title='bbox 615 648 889 728; x_wconf 85' lang='lat' dir='ltr'>argumentorum</span> <span class='ocrx_word' id='word_1_21' title='bbox 901 649 962 706; x_wconf 88' lang='lat' dir='ltr'>aut</span> <span class='ocrx_word' id='word_1_22' title='bbox 976 642 1085 707; x_wconf 89' lang='lat' dir='ltr'>colore</span> <span class='ocrx_word' id='word_1_23' title='bbox 1102 645 1344 709; x_wconf 81' lang='lat' dir='ltr'>sententiarum</span> 
     </span>
    </p>
   </div>
   <div class='ocr_carea' id='block_1_3' title="bbox 148 765 1343 858">
    <p class='ocr_par' dir='ltr' id='par_1_3' title="bbox 148 765 1343 858">
     <span class='ocr_line' id='line_1_4' title="bbox 148 765 1343 858; baseline 0.002 -26"><span class='ocrx_word' id='word_1_24' title='bbox 148 778 206 833; x_wconf 90' lang='lat' dir='ltr'>aut</span> <span class='ocrx_word' id='word_1_25' title='bbox 223 770 330 834; x_wconf 88' lang='lat' dir='ltr'>nitore</span> <span class='ocrx_word' id='word_1_26' title='bbox 350 776 386 833; x_wconf 91' lang='lat' dir='ltr'>et</span> <span class='ocrx_word' id='word_1_27' title='bbox 409 768 506 832; x_wconf 91' lang='lat' dir='ltr'>eultn</span> <span class='ocrx_word' id='word_1_28' title='bbox 522 767 785 852; x_wconf 80' lang='lat' dir='ltr'>descriptionum</span> <span class='ocrx_word' id='word_1_29' title='bbox 806 765 1021 858; x_wconf 86' lang='lat' dir='ltr'>[in]vitiatus</span> <span class='ocrx_word' id='word_1_30' title='bbox 1037 775 1073 832; x_wconf 90' lang='lat' dir='ltr'>et</span> <span class='ocrx_word' id='word_1_31' title='bbox 1089 776 1265 854; x_wconf 85' lang='lat' dir='ltr'>corruptus</span> <span class='ocrx_word' id='word_1_32' title='bbox 1281 777 1343 847; x_wconf 81' lang='lat' dir='ltr'>est,</span> 
     </span>
    </p>
   </div>
   <div class='ocr_carea' id='block_1_4' title="bbox 148 892 1396 3215">
    <p class='ocr_par' dir='ltr' id='par_1_4' title="bbox 148 892 1396 3215">
     <span class='ocr_line' id='line_1_5' title="bbox 148 892 1345 984; baseline 0.001 -26"><span class='ocrx_word' id='word_1_33' title='bbox 148 902 320 959; x_wconf 77' lang='lat' dir='ltr'>aversatur</span> <span class='ocrx_word' id='word_1_34' title='bbox 340 893 556 984; x_wconf 60' lang='lat' dir='ltr'>[dicentem]</span> <span class='ocrx_word' id='word_1_35' title='bbox 604 893 731 979; x_wconf 85' lang='lat' dir='ltr'>vulgus</span> <span class='ocrx_word' id='word_1_36' title='bbox 748 913 883 977; x_wconf 89' lang='lat' dir='ltr'>quoque</span> <span class='ocrx_word' id='word_1_37' title='bbox 899 892 1134 957; x_wconf 71' lang='lat' dir='ltr'>adsistentium</span> <span class='ocrx_word' id='word_1_38' title='bbox 1147 902 1182 958; x_wconf 89' lang='lat' dir='ltr'>et</span> <span class='ocrx_word' id='word_1_39' title='bbox 1193 893 1345 960; x_wconf 88' lang='lat' dir='ltr'>adfluens</span> 
     </span>
     <span class='ocr_line' id='line_1_6' title="bbox 148 1017 1346 1105; baseline 0 -22"><span class='ocrx_word' id='word_1_40' title='bbox 148 1026 183 1084; x_wconf 89' lang='lat' dir='ltr'>et</span> <span class='ocrx_word' id='word_1_41' title='bbox 207 1040 316 1105; x_wconf 85' lang='lat' dir='ltr'>vagus</span> <span class='ocrx_word' id='word_1_42' title='bbox 341 1017 474 1082; x_wconf 85' lang='lat' dir='ltr'>auditor</span> <span class='ocrx_word' id='word_1_43' title='bbox 497 1017 653 1082; x_wconf 78' lang='lat' dir='ltr'>adsuevit</span> <span class='ocrx_word' id='word_1_44' title='bbox 673 1018 740 1080; x_wconf 85' lang='lat' dir='ltr'>iam</span> <span class='ocrx_word' id='word_1_45' title='bbox 761 1017 894 1103; x_wconf 84' lang='lat' dir='ltr'>exigere</span> <span class='ocrx_word' id='word_1_46' title='bbox 919 1017 1081 1082; x_wconf 78' lang='lat' dir='ltr'>laetitiam</span> <span class='ocrx_word' id='word_1_47' title='bbox 1104 1024 1139 1083; x_wconf 90' lang='lat' dir='ltr'>at</span> <span class='ocrx_word' id='word_1_48' title='bbox 1161 1019 1346 1104; x_wconf 83' lang='lat' dir='ltr'>pulchritu-</span> 
     </span>
     <span class='ocr_line' id='line_1_7' title="bbox 149 1141 1395 1228; baseline -0.002 -21"><span class='ocrx_word' id='word_1_49' title='bbox 149 1144 262 1209; x_wconf 89' lang='lat' dir='ltr'>dinem</span> <span class='ocrx_word' id='word_1_50' title='bbox 285 1144 444 1208; x_wconf 87' lang='lat' dir='ltr'>orationis</span> <span class='ocrx_word' id='word_1_51' title='bbox 456 1166 466 1220; x_wconf 84' lang='lat'><em>3</em></span> <span class='ocrx_word' id='word_1_52' title='bbox 494 1164 556 1207; x_wconf 89' lang='lat' dir='ltr'>nec</span> <span class='ocrx_word' id='word_1_53' title='bbox 580 1144 686 1228; x_wconf 86' lang='lat' dir='ltr'>magis</span> <span class='ocrx_word' id='word_1_54' title='bbox 709 1141 836 1226; x_wconf 73' lang='lat' dir='ltr'>perfert</span> <span class='ocrx_word' id='word_1_55' title='bbox 859 1143 895 1204; x_wconf 91' lang='lat' dir='ltr'>in</span> <span class='ocrx_word' id='word_1_56' title='bbox 919 1141 1052 1206; x_wconf 86' lang='lat' dir='ltr'>indiciis</span> <span class='ocrx_word' id='word_1_57' title='bbox 1077 1144 1205 1208; x_wconf 80' lang='lat' dir='ltr'>tristem</span> <span class='ocrx_word' id='word_1_58' title='bbox 1232 1154 1268 1211; x_wconf 89' lang='lat' dir='ltr'>et</span> <span class='ocrx_word' id='word_1_59' title='bbox 1297 1148 1346 1211; x_wconf 91' lang='lat' dir='ltr'>in-</span> <span class='ocrx_word' id='word_1_60' title='bbox 1363 1153 1395 1205; x_wconf 89' lang='lat'>10</span> 
     </span>
     <span class='ocr_line' id='line_1_8' title="bbox 149 1268 1346 1354; baseline 0.002 -23"><span class='ocrx_word' id='word_1_61' title='bbox 149 1290 270 1354; x_wconf 83' lang='lat' dir='ltr'>pexam</span> <span class='ocrx_word' id='word_1_62' title='bbox 298 1269 545 1353; x_wconf 82' lang='lat' dir='ltr'>antiquitatem,</span> <span class='ocrx_word' id='word_1_63' title='bbox 575 1288 677 1352; x_wconf 92' lang='lat' dir='ltr'>quam</span> <span class='ocrx_word' id='word_1_64' title='bbox 703 1268 731 1331; x_wconf 91' lang='lat' dir='ltr'>si</span> <span class='ocrx_word' id='word_1_65' title='bbox 760 1268 836 1351; x_wconf 89' lang='lat' dir='ltr'>quis</span> <span class='ocrx_word' id='word_1_66' title='bbox 863 1268 900 1330; x_wconf 92' lang='lat' dir='ltr'>in</span> <span class='ocrx_word' id='word_1_67' title='bbox 927 1288 1046 1331; x_wconf 83' lang='lat' dir='ltr'>scaena</span> <span class='ocrx_word' id='word_1_68' title='bbox 1078 1268 1113 1346; x_wconf 77' lang='lat' dir='ltr'>Q.</span> <span class='ocrx_word' id='word_1_69' title='bbox 1143 1269 1254 1332; x_wconf 83' lang='lat' dir='ltr'>Roscii</span> <span class='ocrx_word' id='word_1_70' title='bbox 1286 1277 1346 1334; x_wconf 90' lang='lat' dir='ltr'>ant</span> 
     </span>
     <span class='ocr_line' id='line_1_9' title="bbox 150 1392 1345 1479; baseline 0.001 -22"><span class='ocrx_word' id='word_1_71' title='bbox 150 1394 332 1478; x_wconf 85' lang='lat' dir='ltr'>Turpionis</span> <span class='ocrx_word' id='word_1_72' title='bbox 351 1393 502 1458; x_wconf 87' lang='lat' dir='ltr'>Ambivii</span> <span class='ocrx_word' id='word_1_73' title='bbox 525 1394 709 1477; x_wconf 80' lang='lat' dir='ltr'>exprimere</span> <span class='ocrx_word' id='word_1_74' title='bbox 733 1399 849 1479; x_wconf 86' lang='lat' dir='ltr'>gestus</span> <span class='ocrx_word' id='word_1_75' title='bbox 874 1392 966 1456; x_wconf 89' lang='lat' dir='ltr'>velit.</span> <span class='ocrx_word' id='word_1_76' title='bbox 1014 1393 1080 1455; x_wconf 91' lang='lat' dir='ltr'>iam</span> <span class='ocrx_word' id='word_1_77' title='bbox 1104 1415 1182 1457; x_wconf 90' lang='lat' dir='ltr'>vero</span> <span class='ocrx_word' id='word_1_78' title='bbox 1206 1394 1345 1459; x_wconf 89' lang='lat' dir='ltr'>invenes</span> 
     </span>
     <span class='ocr_line' id='line_1_10' title="bbox 151 1516 1346 1602; baseline 0.003 -23"><span class='ocrx_word' id='word_1_79' title='bbox 151 1524 186 1580; x_wconf 91' lang='lat' dir='ltr'>et</span> <span class='ocrx_word' id='word_1_80' title='bbox 224 1518 260 1579; x_wconf 93' lang='lat' dir='ltr'>in</span> <span class='ocrx_word' id='word_1_81' title='bbox 299 1518 372 1602; x_wconf 91' lang='lat' dir='ltr'>ipsa</span> <span class='ocrx_word' id='word_1_82' title='bbox 409 1518 599 1583; x_wconf 90' lang='lat' dir='ltr'>studiorum</span> <span class='ocrx_word' id='word_1_83' title='bbox 623 1516 745 1582; x_wconf 83' lang='lat' dir='ltr'>incude</span> <span class='ocrx_word' id='word_1_84' title='bbox 772 1518 871 1602; x_wconf 90' lang='lat' dir='ltr'>positi</span> <span class='ocrx_word' id='word_1_85' title='bbox 897 1518 956 1601; x_wconf 92' lang='lat' dir='ltr'>qui</span> <span class='ocrx_word' id='word_1_86' title='bbox 979 1517 1147 1601; x_wconf 83' lang='lat' dir='ltr'>profectus</span> <span class='ocrx_word' id='word_1_87' title='bbox 1171 1519 1225 1582; x_wconf 91' lang='lat' dir='ltr'>sui</span> <span class='ocrx_word' id='word_1_88' title='bbox 1246 1540 1346 1583; x_wconf 87' lang='lat' dir='ltr'>eausa</span> 
     </span>
     <span class='ocr_line' id='line_1_11' title="bbox 151 1640 1346 1716; baseline 0.001 -10"><span class='ocrx_word' id='word_1_89' title='bbox 151 1650 295 1707; x_wconf 84' lang='lat' dir='ltr'>oratores</span> <span class='ocrx_word' id='word_1_90' title='bbox 319 1650 491 1707; x_wconf 85' lang='lat' dir='ltr'>sectantur</span> <span class='ocrx_word' id='word_1_91' title='bbox 510 1664 579 1706; x_wconf 89' lang='lat' dir='ltr'>non</span> <span class='ocrx_word' id='word_1_92' title='bbox 600 1643 709 1707; x_wconf 92' lang='lat' dir='ltr'>solum</span> <span class='ocrx_word' id='word_1_93' title='bbox 731 1641 857 1716; x_wconf 88' lang='lat' dir='ltr'>audire,</span> <span class='ocrx_word' id='word_1_94' title='bbox 874 1640 934 1705; x_wconf 91' lang='lat' dir='ltr'>sed</span> <span class='ocrx_word' id='word_1_95' title='bbox 952 1643 1052 1706; x_wconf 90' lang='lat' dir='ltr'>etiam</span> <span class='ocrx_word' id='word_1_96' title='bbox 1071 1642 1193 1708; x_wconf 88' lang='lat' dir='ltr'>referre</span> <span class='ocrx_word' id='word_1_97' title='bbox 1210 1642 1346 1707; x_wconf 92' lang='lat' dir='ltr'>domum</span> 
     </span>
     <span class='ocr_line' id='line_1_12' title="bbox 152 1765 1395 1853; baseline 0 -23"><span class='ocrx_word' id='word_1_98' title='bbox 152 1765 281 1851; x_wconf 88' lang='lat' dir='ltr'>aliquid</span> <span class='ocrx_word' id='word_1_99' title='bbox 309 1767 450 1832; x_wconf 86' lang='lat' dir='ltr'>inlustre</span> <span class='ocrx_word' id='word_1_100' title='bbox 479 1774 514 1832; x_wconf 92' lang='lat' dir='ltr'>et</span> <span class='ocrx_word' id='word_1_101' title='bbox 541 1767 684 1853; x_wconf 91' lang='lat' dir='ltr'>dignum</span> <span class='ocrx_word' id='word_1_102' title='bbox 712 1767 869 1830; x_wconf 89' lang='lat' dir='ltr'>memoria</span> <span class='ocrx_word' id='word_1_103' title='bbox 897 1768 1039 1841; x_wconf 91' lang='lat' dir='ltr'>volunt;</span> <span class='ocrx_word' id='word_1_104' title='bbox 1073 1766 1278 1852; x_wconf 87' lang='lat' dir='ltr'>traduntque</span> <span class='ocrx_word' id='word_1_105' title='bbox 1310 1770 1345 1832; x_wconf 92' lang='lat' dir='ltr'>in</span> <span class='ocrx_word' id='word_1_106' title='bbox 1364 1782 1395 1830; x_wconf 82' lang='lat'>15</span> 
     </span>
     <span class='ocr_line' id='line_1_13' title="bbox 152 1891 1347 1977; baseline 0.002 -22"><span class='ocrx_word' id='word_1_107' title='bbox 152 1893 259 1956; x_wconf 84' lang='lat' dir='ltr'>vicem</span> <span class='ocrx_word' id='word_1_108' title='bbox 275 1913 312 1956; x_wconf 87' lang='lat' dir='ltr'>ao</span> <span class='ocrx_word' id='word_1_109' title='bbox 329 1913 426 1977; x_wconf 91' lang='lat' dir='ltr'>saepe</span> <span class='ocrx_word' id='word_1_110' title='bbox 443 1893 479 1955; x_wconf 91' lang='lat' dir='ltr'>in</span> <span class='ocrx_word' id='word_1_111' title='bbox 495 1892 641 1956; x_wconf 83' lang='lat' dir='ltr'>colonias</span> <span class='ocrx_word' id='word_1_112' title='bbox 663 1912 700 1955; x_wconf 91' lang='lat' dir='ltr'>ae</span> <span class='ocrx_word' id='word_1_113' title='bbox 719 1892 907 1976; x_wconf 80' lang='lat' dir='ltr'>provincias</span> <span class='ocrx_word' id='word_1_114' title='bbox 924 1913 1000 1954; x_wconf 86' lang='lat' dir='ltr'>suas</span> <span class='ocrx_word' id='word_1_115' title='bbox 1015 1891 1175 1969; x_wconf 78' lang='lat' dir='ltr'>scribunt</span> <span class='ocrx_word' id='word_1_116' title='bbox 1193 1894 1263 1957; x_wconf 89' lang='lat' dir='ltr'>sive</span> <span class='ocrx_word' id='word_1_117' title='bbox 1280 1916 1347 1957; x_wconf 69' lang='lat' dir='ltr'>aera</span> 
     </span>
     <span class='ocr_line' id='line_1_14' title="bbox 153 2014 1346 2103; baseline 0.001 -24"><span class='ocrx_word' id='word_1_118' title='bbox 153 2038 204 2079; x_wconf 71' lang='lat' dir='ltr'>aare</span> <span class='ocrx_word' id='word_1_119' title='bbox 219 2017 343 2100; x_wconf 87' lang='lat' dir='ltr'>aliquis</span> <span class='ocrx_word' id='word_1_120' title='bbox 360 2024 480 2103; x_wconf 82' lang='lat' dir='ltr'>arguta</span> <span class='ocrx_word' id='word_1_121' title='bbox 496 2024 531 2081; x_wconf 90' lang='lat' dir='ltr'>et</span> <span class='ocrx_word' id='word_1_122' title='bbox 544 2016 637 2080; x_wconf 89' lang='lat' dir='ltr'>brevi</span> <span class='ocrx_word' id='word_1_123' title='bbox 649 2016 816 2080; x_wconf 88' lang='lat' dir='ltr'>sententia</span> <span class='ocrx_word' id='word_1_124' title='bbox 832 2014 971 2091; x_wconf 79' lang='lat' dir='ltr'>effulsit,</span> <span class='ocrx_word' id='word_1_125' title='bbox 984 2017 1055 2080; x_wconf 92' lang='lat' dir='ltr'>sive</span> <span class='ocrx_word' id='word_1_126' title='bbox 1072 2017 1165 2081; x_wconf 86' lang='lat' dir='ltr'>locus</span> <span class='ocrx_word' id='word_1_127' title='bbox 1178 2019 1346 2102; x_wconf 87' lang='lat' dir='ltr'>exquisito</span> 
     </span>
     <span class='ocr_line' id='line_1_15' title="bbox 152 2140 1346 2226; baseline 0.001 -21"><span class='ocrx_word' id='word_1_128' title='bbox 152 2149 186 2205; x_wconf 91' lang='lat' dir='ltr'>et</span> <span class='ocrx_word' id='word_1_129' title='bbox 207 2143 340 2225; x_wconf 85' lang='lat' dir='ltr'>poetico</span> <span class='ocrx_word' id='word_1_130' title='bbox 364 2141 461 2205; x_wconf 87' lang='lat' dir='ltr'>cultu</span> <span class='ocrx_word' id='word_1_131' title='bbox 485 2142 620 2205; x_wconf 89' lang='lat' dir='ltr'>enituit.</span> <span class='ocrx_word' id='word_1_132' title='bbox 668 2141 818 2226; x_wconf 83' lang='lat' dir='ltr'>exigitur</span> <span class='ocrx_word' id='word_1_133' title='bbox 841 2140 931 2204; x_wconf 86' lang='lat' dir='ltr'>enim</span> <span class='ocrx_word' id='word_1_134' title='bbox 954 2141 1020 2202; x_wconf 86' lang='lat' dir='ltr'>iarn</span> <span class='ocrx_word' id='word_1_135' title='bbox 1041 2141 1083 2204; x_wconf 90' lang='lat' dir='ltr'>ab</span> <span class='ocrx_word' id='word_1_136' title='bbox 1100 2150 1227 2206; x_wconf 80' lang='lat' dir='ltr'>oratore</span> <span class='ocrx_word' id='word_1_137' title='bbox 1244 2144 1346 2206; x_wconf 88' lang='lat' dir='ltr'>etiam</span> 
     </span>
     <span class='ocr_line' id='line_1_16' title="bbox 152 2264 1346 2350; baseline 0.001 -21"><span class='ocrx_word' id='word_1_138' title='bbox 152 2267 301 2350; x_wconf 84' lang='lat' dir='ltr'>poeticus</span> <span class='ocrx_word' id='word_1_139' title='bbox 324 2265 431 2341; x_wconf 82' lang='lat' dir='ltr'>decor,</span> <span class='ocrx_word' id='word_1_140' title='bbox 454 2287 522 2329; x_wconf 91' lang='lat' dir='ltr'>non</span> <span class='ocrx_word' id='word_1_141' title='bbox 544 2266 641 2330; x_wconf 85' lang='lat' dir='ltr'>Aeaii</span> <span class='ocrx_word' id='word_1_142' title='bbox 664 2272 724 2329; x_wconf 88' lang='lat' dir='ltr'>aut</span> <span class='ocrx_word' id='word_1_143' title='bbox 744 2264 884 2328; x_wconf 83' lang='lat' dir='ltr'>Pacuvii</span> <span class='ocrx_word' id='word_1_144' title='bbox 907 2272 1043 2328; x_wconf 89' lang='lat' dir='ltr'>veterno</span> <span class='ocrx_word' id='word_1_145' title='bbox 1063 2266 1269 2350; x_wconf 89' lang='lat' dir='ltr'>inquinatus,</span> <span class='ocrx_word' id='word_1_146' title='bbox 1287 2266 1346 2332; x_wconf 89' lang='lat' dir='ltr'>sed</span> 
     </span>
     <span class='ocr_line' id='line_1_17' title="bbox 152 2388 1396 2478; baseline 0.003 -24"><span class='ocrx_word' id='word_1_147' title='bbox 152 2412 192 2454; x_wconf 82' lang='lat' dir='ltr'>ex</span> <span class='ocrx_word' id='word_1_148' title='bbox 205 2390 339 2455; x_wconf 83' lang='lat' dir='ltr'>Horatii</span> <span class='ocrx_word' id='word_1_149' title='bbox 352 2398 387 2454; x_wconf 92' lang='lat' dir='ltr'>et</span> <span class='ocrx_word' id='word_1_150' title='bbox 398 2389 544 2477; x_wconf 89' lang='lat' dir='ltr'>Vergilii</span> <span class='ocrx_word' id='word_1_151' title='bbox 561 2398 597 2454; x_wconf 92' lang='lat' dir='ltr'>et</span> <span class='ocrx_word' id='word_1_152' title='bbox 609 2388 737 2453; x_wconf 80' lang='lat' dir='ltr'>Lucani</span> <span class='ocrx_word' id='word_1_153' title='bbox 750 2390 890 2453; x_wconf 87' lang='lat' dir='ltr'>sacrario</span> <span class='ocrx_word' id='word_1_154' title='bbox 903 2388 1061 2473; x_wconf 89' lang='lat' dir='ltr'>prolatus.</span> <span class='ocrx_word' id='word_1_155' title='bbox 1106 2390 1225 2454; x_wconf 91' lang='lat' dir='ltr'>horum</span> <span class='ocrx_word' id='word_1_156' title='bbox 1241 2392 1347 2478; x_wconf 90' lang='lat' dir='ltr'>igitur</span> <span class='ocrx_word' id='word_1_157' title='bbox 1362 2410 1396 2459; x_wconf 80' lang='lat'>20</span> 
     </span>
     <span class='ocr_line' id='line_1_18' title="bbox 151 2514 1347 2600; baseline 0.002 -22"><span class='ocrx_word' id='word_1_158' title='bbox 151 2514 286 2578; x_wconf 89' lang='lat' dir='ltr'>auribus</span> <span class='ocrx_word' id='word_1_159' title='bbox 310 2523 345 2579; x_wconf 89' lang='lat' dir='ltr'>at</span> <span class='ocrx_word' id='word_1_160' title='bbox 365 2515 499 2578; x_wconf 85' lang='lat' dir='ltr'>iudiciis</span> <span class='ocrx_word' id='word_1_161' title='bbox 518 2514 747 2598; x_wconf 86' lang='lat' dir='ltr'>obtemperans</span> <span class='ocrx_word' id='word_1_162' title='bbox 769 2522 957 2577; x_wconf 91' lang='lat' dir='ltr'>nostrornm</span> <span class='ocrx_word' id='word_1_163' title='bbox 980 2522 1146 2577; x_wconf 90' lang='lat' dir='ltr'>oratorum</span> <span class='ocrx_word' id='word_1_164' title='bbox 1168 2524 1258 2579; x_wconf 82' lang='lat' dir='ltr'>aetas</span> <span class='ocrx_word' id='word_1_165' title='bbox 1274 2516 1347 2600; x_wconf 92' lang='lat' dir='ltr'>pul·</span> 
     </span>
     <span class='ocr_line' id='line_1_19' title="bbox 152 2637 1347 2721; baseline 0.001 -18"><span class='ocrx_word' id='word_1_166' title='bbox 152 2639 259 2703; x_wconf 86' lang='lat' dir='ltr'>ohrior</span> <span class='ocrx_word' id='word_1_167' title='bbox 286 2647 320 2703; x_wconf 92' lang='lat' dir='ltr'>et</span> <span class='ocrx_word' id='word_1_168' title='bbox 348 2640 494 2703; x_wconf 90' lang='lat' dir='ltr'>ornatior</span> <span class='ocrx_word' id='word_1_169' title='bbox 521 2640 646 2703; x_wconf 83' lang='lat' dir='ltr'>extitit.</span> <span class='ocrx_word' id='word_1_170' title='bbox 706 2660 816 2721; x_wconf 91' lang='lat' dir='ltr'>neque</span> <span class='ocrx_word' id='word_1_171' title='bbox 846 2637 921 2701; x_wconf 84' lang='lat' dir='ltr'>ideo</span> <span class='ocrx_word' id='word_1_172' title='bbox 949 2638 1060 2701; x_wconf 90' lang='lat' dir='ltr'>minus</span> <span class='ocrx_word' id='word_1_173' title='bbox 1088 2638 1235 2704; x_wconf 85' lang='lat' dir='ltr'>efficaces</span> <span class='ocrx_word' id='word_1_174' title='bbox 1265 2650 1347 2705; x_wconf 91' lang='lat' dir='ltr'>sunt</span> 
     </span>
     <span class='ocr_line' id='line_1_20' title="bbox 152 2760 1345 2849; baseline 0.003 -22"><span class='ocrx_word' id='word_1_175' title='bbox 152 2765 315 2828; x_wconf 85' lang='lat' dir='ltr'>orationes</span> <span class='ocrx_word' id='word_1_176' title='bbox 344 2771 485 2838; x_wconf 82' lang='lat' dir='ltr'>nostrae,</span> <span class='ocrx_word' id='word_1_177' title='bbox 515 2764 595 2847; x_wconf 84' lang='lat' dir='ltr'>qnia</span> <span class='ocrx_word' id='word_1_178' title='bbox 623 2762 666 2825; x_wconf 92' lang='lat' dir='ltr'>ad</span> <span class='ocrx_word' id='word_1_179' title='bbox 693 2783 789 2826; x_wconf 89' lang='lat' dir='ltr'>aures</span> <span class='ocrx_word' id='word_1_180' title='bbox 816 2760 1040 2826; x_wconf 83' lang='lat' dir='ltr'>iudicantium</span> <span class='ocrx_word' id='word_1_181' title='bbox 1068 2784 1144 2826; x_wconf 89' lang='lat' dir='ltr'>oum</span> <span class='ocrx_word' id='word_1_182' title='bbox 1173 2765 1345 2849; x_wconf 86' lang='lat' dir='ltr'>voluptate</span> 
     </span>
     <span class='ocr_line' id='line_1_21' title="bbox 151 2886 1347 2974; baseline 0 -22"><span class='ocrx_word' id='word_1_183' title='bbox 151 2889 362 2972; x_wconf 87' lang='lat' dir='ltr'>perveniunt.</span> <span class='ocrx_word' id='word_1_184' title='bbox 411 2887 494 2972; x_wconf 92' lang='lat' dir='ltr'>quid</span> <span class='ocrx_word' id='word_1_185' title='bbox 510 2889 610 2962; x_wconf 82' lang='lat' dir='ltr'>enim,</span> <span class='ocrx_word' id='word_1_186' title='bbox 627 2887 655 2950; x_wconf 93' lang='lat' dir='ltr'>si</span> <span class='ocrx_word' id='word_1_187' title='bbox 671 2886 853 2949; x_wconf 88' lang='lat' dir='ltr'>infirmiora</span> <span class='ocrx_word' id='word_1_188' title='bbox 868 2886 987 2949; x_wconf 92' lang='lat' dir='ltr'>horum</span> <span class='ocrx_word' id='word_1_189' title='bbox 1011 2894 1198 2971; x_wconf 90' lang='lat' dir='ltr'>temporum</span> <span class='ocrx_word' id='word_1_190' title='bbox 1222 2890 1347 2974; x_wconf 88' lang='lat' dir='ltr'>templa</span> 
     </span>
     <span class='ocr_line' id='line_1_22' title="bbox 152 3013 1396 3100; baseline 0 -20"><span class='ocrx_word' id='word_1_191' title='bbox 152 3015 273 3092; x_wconf 84' lang='lat' dir='ltr'>credas,</span> <span class='ocrx_word' id='word_1_192' title='bbox 292 3017 372 3100; x_wconf 88' lang='lat' dir='ltr'>quia</span> <span class='ocrx_word' id='word_1_193' title='bbox 392 3037 460 3080; x_wconf 92' lang='lat' dir='ltr'>non</span> <span class='ocrx_word' id='word_1_194' title='bbox 482 3014 558 3078; x_wconf 91' lang='lat' dir='ltr'>rudi</span> <span class='ocrx_word' id='word_1_195' title='bbox 580 3022 752 3079; x_wconf 79' lang='lat' dir='ltr'>caemento</span> <span class='ocrx_word' id='word_1_196' title='bbox 774 3022 809 3079; x_wconf 95' lang='lat' dir='ltr'>et</span> <span class='ocrx_word' id='word_1_197' title='bbox 830 3013 1027 3078; x_wconf 81' lang='lat' dir='ltr'>informibus</span> <span class='ocrx_word' id='word_1_198' title='bbox 1046 3016 1171 3100; x_wconf 88' lang='lat' dir='ltr'>tegulis</span> <span class='ocrx_word' id='word_1_199' title='bbox 1187 3023 1348 3080; x_wconf 86' lang='lat' dir='ltr'>extruun-</span> <span class='ocrx_word' id='word_1_200' title='bbox 1363 3047 1396 3095; x_wconf 78' lang='lat'>25</span> 
     </span>
     <span class='ocr_line' id='line_1_23' title="bbox 151 3138 955 3215; baseline -0.005 -11"><span class='ocrx_word' id='word_1_201' title='bbox 151 3148 215 3215; x_wconf 89' lang='lat' dir='ltr'>tur,</span> <span class='ocrx_word' id='word_1_202' title='bbox 232 3139 292 3204; x_wconf 92' lang='lat' dir='ltr'>sed</span> <span class='ocrx_word' id='word_1_203' title='bbox 308 3161 468 3204; x_wconf 89' lang='lat' dir='ltr'>marmore</span> <span class='ocrx_word' id='word_1_204' title='bbox 485 3141 597 3204; x_wconf 81' lang='lat' dir='ltr'>nitent</span> <span class='ocrx_word' id='word_1_205' title='bbox 612 3146 648 3204; x_wconf 91' lang='lat' dir='ltr'>et</span> <span class='ocrx_word' id='word_1_206' title='bbox 662 3160 743 3203; x_wconf 90' lang='lat' dir='ltr'>auro</span> <span class='ocrx_word' id='word_1_207' title='bbox 759 3138 955 3202; x_wconf 85' lang='lat' dir='ltr'>radiantur?</span> 
     </span>
    </p>
   </div>
   <div class='ocr_carea' id='block_1_5' title="bbox 151 3312 1347 3460">
    <p class='ocr_par' dir='ltr' id='par_1_5' title="bbox 151 3312 1347 3460">
     <span class='ocr_line' id='line_1_24' title="bbox 151 3312 1347 3366; baseline 0.002 -2"><span class='ocrx_word' id='word_1_208' title='bbox 151 3315 201 3364; x_wconf 76' lang='lat' dir='ltr'>Ma.</span> <span class='ocrx_word' id='word_1_209' title='bbox 230 3314 349 3365; x_wconf 77' lang='lat' dir='ltr'>illa-a.</span> <span class='ocrx_word' id='word_1_210' title='bbox 392 3315 408 3364; x_wconf 79' lang='lat' dir='ltr'>t</span> <span class='ocrx_word' id='word_1_211' title='bbox 434 3319 547 3364; x_wconf 72' lang='lat' dir='ltr'>aut-a</span> <span class='ocrx_word' id='word_1_212' title='bbox 571 3314 668 3364; x_wconf 87' lang='lat' dir='ltr'>et-B.</span> <span class='ocrx_word' id='word_1_213' title='bbox 707 3312 914 3362; x_wconf 81' lang='lat' dir='ltr'>dicentem-A</span> <span class='ocrx_word' id='word_1_214' title='bbox 938 3313 963 3361; x_wconf 92' lang='lat' dir='ltr'>b.</span> <span class='ocrx_word' id='word_1_215' title='bbox 1001 3314 1033 3362; x_wconf 76' lang='lat'>7·</span> <span class='ocrx_word' id='word_1_216' title='bbox 1056 3314 1347 3366; x_wconf 68' lang='lat' dir='ltr'>vitiatum-emeruisse·</span> 
     </span>
     <span class='ocr_line' id='line_1_25' title="bbox 151 3395 1347 3460; baseline 0.002 -14"><span class='ocrx_word' id='word_1_217' title='bbox 151 3398 188 3446; x_wconf 77' lang='lat' dir='ltr'>oet</span> <span class='ocrx_word' id='word_1_218' title='bbox 206 3403 287 3460; x_wconf 75' lang='lat' dir='ltr'>atque</span> <span class='ocrx_word' id='word_1_219' title='bbox 302 3411 352 3458; x_wconf 84' lang='lat' dir='ltr'>pro</span> <span class='ocrx_word' id='word_1_220' title='bbox 368 3403 402 3446; x_wconf 78' lang='lat' dir='ltr'>et</span> <span class='ocrx_word' id='word_1_221' title='bbox 439 3395 753 3447; x_wconf 80' lang='lat' dir='ltr'>8adversatur—CDE.</span> <span class='ocrx_word' id='word_1_222' title='bbox 790 3395 1031 3445; x_wconf 76' lang='lat' dir='ltr'>dicentem-dell,</span> <span class='ocrx_word' id='word_1_223' title='bbox 1053 3395 1148 3456; x_wconf 79' lang='lat' dir='ltr'>Satala,</span> <span class='ocrx_word' id='word_1_224' title='bbox 1169 3398 1224 3447; x_wconf 83' lang='lat' dir='ltr'>edd.</span> <span class='ocrx_word' id='word_1_225' title='bbox 1241 3401 1347 3459; x_wconf 77' lang='lat' dir='ltr'>praeter</span> 
     </span>
    </p>
   </div>
   <div class='ocr_carea' id='block_1_6' title="bbox 151 3476 1347 3592">
    <p class='ocr_par' dir='ltr' id='par_1_6' title="bbox 151 3476 1347 3592">
     <span class='ocr_line' id='line_1_26' title="bbox 151 3476 1347 3592; baseline 0 -13"><span class='ocrx_word' id='word_1_226' title='bbox 151 3529 312 3580; x_wconf 74' lang='lat' dir='ltr'>Mictnaelem.</span> <span class='ocrx_word' id='word_1_227' title='bbox 350 3530 366 3578; x_wconf 84' lang='grc'>9</span> <span class='ocrx_word' id='word_1_228' title='bbox 380 3534 433 3578; x_wconf 83' lang='lat' dir='ltr'>“et</span> <span class='ocrx_word' id='word_1_229' title='bbox 444 3543 527 3592; x_wconf 80' lang='lat' dir='ltr'>vagus</span> <span class='ocrx_word' id='word_1_230' title='bbox 538 3530 591 3578; x_wconf 84' lang='lat' dir='ltr'>et”</span> <span class='ocrx_word' id='word_1_231' title='bbox 608 3528 796 3578; x_wconf 88' lang='lat' dir='ltr'>affluens—B.</span> <span class='ocrx_word' id='word_1_232' title='bbox 835 3530 864 3577; x_wconf 88' lang='lat'>11</span> <span class='ocrx_word' id='word_1_233' title='bbox 878 3476 1179 3579; x_wconf 62' lang='lat' dir='ltr'>scena—Eidr‘ia—A</span> <span class='ocrx_word' id='word_1_234' title='bbox 1198 3544 1347 3579; x_wconf 87' lang='lat' dir='ltr'>scenam-</span> 
     </span>
    </p>
   </div>
   <div class='ocr_carea' id='block_1_7' title="bbox 150 3610 1347 3760">
    <p class='ocr_par' dir='ltr' id='par_1_7' title="bbox 150 3610 1347 3760">
     <span class='ocr_line' id='line_1_27' title="bbox 151 3610 1347 3677; baseline 0.001 -15"><span class='ocrx_word' id='word_1_235' title='bbox 151 3613 223 3663; x_wconf 84' lang='lat' dir='ltr'>BCD</span> <span class='ocrx_word' id='word_1_236' title='bbox 247 3613 408 3662; x_wconf 84' lang='lat' dir='ltr'>caena-V</span> <span class='ocrx_word' id='word_1_237' title='bbox 427 3611 620 3661; x_wconf 73' lang='lat' dir='ltr'>coena—Pet.</span> <span class='ocrx_word' id='word_1_238' title='bbox 665 3610 743 3677; x_wconf 75' lang='lat' dir='ltr'><strong>*[Q.]</strong></span> <span class='ocrx_word' id='word_1_239' title='bbox 764 3610 955 3660; x_wconf 78' lang='lat' dir='ltr'>Roscii-tna.</span> <span class='ocrx_word' id='word_1_240' title='bbox 981 3611 1132 3672; x_wconf 68' lang='lat' dir='ltr'>Boenasa,</span> <span class='ocrx_word' id='word_1_241' title='bbox 1155 3613 1206 3661; x_wconf 80' lang='lat' dir='ltr'>Ma.</span> <span class='ocrx_word' id='word_1_242' title='bbox 1231 3614 1274 3661; x_wconf 80' lang='lat' dir='ltr'>Ba.</span> <span class='ocrx_word' id='word_1_243' title='bbox 1300 3621 1347 3663; x_wconf 88' lang='lat' dir='ltr'>aut</span> 
     </span>
     <span class='ocr_line' id='line_1_28' title="bbox 150 3692 1347 3760; baseline -0.001 -15"><span class='ocrx_word' id='word_1_244' title='bbox 150 3698 211 3745; x_wconf 78' lang='lat' dir='ltr'>ante</span> <span class='ocrx_word' id='word_1_245' title='bbox 231 3694 455 3746; x_wconf 76' lang='lat' dir='ltr'>Ambivii-dell.</span> <span class='ocrx_word' id='word_1_246' title='bbox 480 3695 597 3755; x_wconf 74' lang='lat' dir='ltr'>lipsius,</span> <span class='ocrx_word' id='word_1_247' title='bbox 621 3694 676 3742; x_wconf 81' lang='lat' dir='ltr'>add.</span> <span class='ocrx_word' id='word_1_248' title='bbox 705 3692 765 3758; x_wconf 84' lang='lat' dir='ltr'>[aut</span> <span class='ocrx_word' id='word_1_249' title='bbox 785 3692 1013 3760; x_wconf 76' lang='lat' dir='ltr'>AmbivfiJ-det</span> <span class='ocrx_word' id='word_1_250' title='bbox 1038 3694 1123 3743; x_wconf 83' lang='lat' dir='ltr'>Ritter</span> <span class='ocrx_word' id='word_1_251' title='bbox 1147 3705 1195 3744; x_wconf 83' lang='lat' dir='ltr'>aut</span> <span class='ocrx_word' id='word_1_252' title='bbox 1218 3697 1347 3745; x_wconf 84' lang='lat' dir='ltr'>Roscii-</span> 
     </span>
    </p>
   </div>
   <div class='ocr_carea' id='block_1_8' title="bbox 151 3772 1349 4129">
    <p class='ocr_par' dir='ltr' id='par_1_8' title="bbox 151 3772 1349 4129">
     <span class='ocr_line' id='line_1_29' title="bbox 154 3772 1347 3862; baseline 0 0"><span class='ocrx_word' id='word_1_253' title='bbox 154 3813 265 3862; x_wconf 73' lang='lat' dir='ltr'>oaerun.</span> <span class='ocrx_word' id='word_1_254' title='bbox 304 3810 335 3859; x_wconf 88' lang='lat'>13</span> <span class='ocrx_word' id='word_1_255' title='bbox 352 3810 486 3859; x_wconf 75' lang='lat' dir='ltr'>a-aa.</span> <span class='ocrx_word' id='word_1_256' title='bbox 502 3810 603 3859; x_wconf 71' lang='lat' dir='ltr'>rasa.</span> <span class='ocrx_word' id='word_1_257' title='bbox 642 3811 672 3858; x_wconf 79' lang='lat'>14</span> <span class='ocrx_word' id='word_1_258' title='bbox 691 3809 844 3859; x_wconf 81' lang='lat' dir='ltr'>nac-AB.</span> <span class='ocrx_word' id='word_1_259' title='bbox 883 3772 1347 3862; x_wconf 42' lang='lat' dir='ltr'>istaistare-svam</span> 
     </span>
     <span class='ocr_line' id='line_1_30' title="bbox 152 3892 1348 3955; baseline 0 -10"><span class='ocrx_word' id='word_1_260' title='bbox 152 3896 207 3945; x_wconf 92' lang='lat' dir='ltr'>CD.</span> <span class='ocrx_word' id='word_1_261' title='bbox 247 3896 278 3944; x_wconf 84' lang='lat'>15</span> <span class='ocrx_word' id='word_1_262' title='bbox 290 3893 451 3944; x_wconf 83' lang='lat' dir='ltr'>voluit-C.</span> <span class='ocrx_word' id='word_1_263' title='bbox 490 3894 521 3942; x_wconf 85' lang='lat'>16</span> <span class='ocrx_word' id='word_1_264' title='bbox 533 3900 561 3942; x_wconf 88' lang='lat' dir='ltr'>et</span> <span class='ocrx_word' id='word_1_265' title='bbox 576 3892 753 3955; x_wconf 73' lang='lat' dir='ltr'>pron-BC.</span> <span class='ocrx_word' id='word_1_266' title='bbox 792 3893 822 3941; x_wconf 84' lang='lat'>16</span> <span class='ocrx_word' id='word_1_267' title='bbox 834 3893 1002 3942; x_wconf 79' lang='lat' dir='ltr'>suis—cosi.</span> <span class='ocrx_word' id='word_1_268' title='bbox 1019 3893 1109 3942; x_wconf 83' lang='lat' dir='ltr'>Halm.</span> <span class='ocrx_word' id='word_1_269' title='bbox 1147 3896 1348 3945; x_wconf 80' lang='lat' dir='ltr'>sensus-Mu-</span> 
     </span>
     <span class='ocr_line' id='line_1_31' title="bbox 151 3975 1349 4040; baseline 0 -10"><span class='ocrx_word' id='word_1_270' title='bbox 151 3983 220 4030; x_wconf 78' lang='lat' dir='ltr'>retus</span> <span class='ocrx_word' id='word_1_271' title='bbox 238 3981 266 4029; x_wconf 88' lang='lat' dir='ltr'>in</span> <span class='ocrx_word' id='word_1_272' title='bbox 284 3980 412 4028; x_wconf 75' lang='lat' dir='ltr'>suis-o.</span> <span class='ocrx_word' id='word_1_273' title='bbox 450 3978 480 4027; x_wconf 78' lang='lat'>17</span> <span class='ocrx_word' id='word_1_274' title='bbox 494 3977 604 4039; x_wconf 82' lang='lat' dir='ltr'>insignis</span> <span class='ocrx_word' id='word_1_275' title='bbox 622 3975 722 4025; x_wconf 78' lang='lat' dir='ltr'>effulsit</span> <span class='ocrx_word' id='word_1_276' title='bbox 739 3975 813 4025; x_wconf 87' lang='lat' dir='ltr'>locus</span> <span class='ocrx_word' id='word_1_277' title='bbox 830 3977 885 4025; x_wconf 87' lang='lat' dir='ltr'>sive</span> <span class='ocrx_word' id='word_1_278' title='bbox 904 3979 1195 4040; x_wconf 61' lang='lat' dir='ltr'>exquisito-sperma</span> <span class='ocrx_word' id='word_1_279' title='bbox 1213 3980 1240 4028; x_wconf 88' lang='lat' dir='ltr'>in</span> <span class='ocrx_word' id='word_1_280' title='bbox 1252 3981 1349 4030; x_wconf 86' lang='lat' dir='ltr'>subitis</span> 
     </span>
     <span class='ocr_line' id='line_1_32' title="bbox 153 4059 1348 4129; baseline -0.001 -15"><span class='ocrx_word' id='word_1_281' title='bbox 153 4064 317 4129; x_wconf 78' lang='lat' dir='ltr'>(Markland)</span> <span class='ocrx_word' id='word_1_282' title='bbox 336 4062 409 4112; x_wconf 89' lang='lat' dir='ltr'>color</span> <span class='ocrx_word' id='word_1_283' title='bbox 426 4061 708 4124; x_wconf 72' lang='lat' dir='ltr'>aliquis-Baehrens.</span> <span class='ocrx_word' id='word_1_284' title='bbox 746 4059 1110 4112; x_wconf 79' lang='lat' dir='ltr'>effulxit—BDsedbcorr.</span> <span class='ocrx_word' id='word_1_285' title='bbox 1150 4064 1181 4111; x_wconf 88' lang='lat'>18</span> <span class='ocrx_word' id='word_1_286' title='bbox 1193 4064 1348 4126; x_wconf 84' lang='lat' dir='ltr'>exigitur-</span> 
     </span>
    </p>
   </div>
   <div class='ocr_carea' id='block_1_9' title="bbox 153 4144 1343 4277">
    <p class='ocr_par' dir='ltr' id='par_1_9' title="bbox 153 4144 1343 4277">
     <span class='ocr_line' id='line_1_33' title="bbox 153 4144 1343 4277; baseline -0.003 -12"><span class='ocrx_word' id='word_1_287' title='bbox 153 4216 261 4277; x_wconf 75' lang='lat' dir='ltr'>Lipsius</span> <span class='ocrx_word' id='word_1_288' title='bbox 287 4215 409 4276; x_wconf 82' lang='lat' dir='ltr'>exigetur</span> <span class='ocrx_word' id='word_1_289' title='bbox 416 4243 449 4251; x_wconf 94' lang='lat'><em>-</em></span> <span class='ocrx_word' id='word_1_290' title='bbox 459 4213 501 4263; x_wconf 81' lang='lat' dir='ltr'>CA</span> <span class='ocrx_word' id='word_1_291' title='bbox 525 4144 659 4261; x_wconf 62' lang='lat' dir='ltr'>exariilur</span> <span class='ocrx_word' id='word_1_292' title='bbox 667 4242 701 4250; x_wconf 91' lang='lat'>—</span> <span class='ocrx_word' id='word_1_293' title='bbox 710 4212 763 4261; x_wconf 83' lang='lat' dir='ltr'>AV</span> <span class='ocrx_word' id='word_1_294' title='bbox 785 4219 925 4263; x_wconf 84' lang='lat' dir='ltr'>exercetur</span> <span class='ocrx_word' id='word_1_295' title='bbox 933 4244 967 4251; x_wconf 95' lang='lat'><em>-</em></span> <span class='ocrx_word' id='word_1_296' title='bbox 974 4214 1047 4263; x_wconf 79' lang='lat' dir='ltr'>Bos</span> <span class='ocrx_word' id='word_1_297' title='bbox 1072 4213 1245 4262; x_wconf 87' lang='lat' dir='ltr'>exseritur-</span> <span class='ocrx_word' id='word_1_298' title='bbox 1257 4213 1343 4263; x_wconf 83' lang='lat' dir='ltr'>Orelli.</span> 
     </span>
    </p>
   </div>
   <div class='ocr_carea' id='block_1_10' title="bbox 154 4295 1348 4516">
    <p class='ocr_par' dir='ltr' id='par_1_10' title="bbox 154 4295 1348 4516">
     <span class='ocr_line' id='line_1_34' title="bbox 154 4295 1347 4348; baseline -0.003 0"><span class='ocrx_word' id='word_1_299' title='bbox 154 4300 320 4348; x_wconf 83' lang='lat' dir='ltr'>enim-om.</span> <span class='ocrx_word' id='word_1_300' title='bbox 336 4300 391 4348; x_wconf 81' lang='lat' dir='ltr'>DA.</span> <span class='ocrx_word' id='word_1_301' title='bbox 429 4299 460 4347; x_wconf 81' lang='lat'>19</span> <span class='ocrx_word' id='word_1_302' title='bbox 472 4297 741 4348; x_wconf 79' lang='lat' dir='ltr'>sermo-Baehrens</span> <span class='ocrx_word' id='word_1_303' title='bbox 756 4297 944 4346; x_wconf 83' lang='lat' dir='ltr'>Paoubii-B.</span> <span class='ocrx_word' id='word_1_304' title='bbox 983 4296 1201 4346; x_wconf 79' lang='lat' dir='ltr'>inclinatus-A.</span> <span class='ocrx_word' id='word_1_305' title='bbox 1238 4298 1270 4345; x_wconf 77' lang='lat'>22</span> <span class='ocrx_word' id='word_1_306' title='bbox 1284 4295 1347 4346; x_wconf 87' lang='lat' dir='ltr'>exfl-</span> 
     </span>
     <span class='ocr_line' id='line_1_35' title="bbox 155 4379 1348 4443; baseline -0.003 -11"><span class='ocrx_word' id='word_1_307' title='bbox 155 4383 306 4432; x_wconf 71' lang='lat' dir='ltr'>acas-s.</span> <span class='ocrx_word' id='word_1_308' title='bbox 333 4384 365 4432; x_wconf 79' lang='lat'>24</span> <span class='ocrx_word' id='word_1_309' title='bbox 378 4383 449 4431; x_wconf 83' lang='lat' dir='ltr'>enlm</span> <span class='ocrx_word' id='word_1_310' title='bbox 462 4382 659 4441; x_wconf 79' lang='lat' dir='ltr'>arr-oberlin,</span> <span class='ocrx_word' id='word_1_311' title='bbox 673 4381 727 4443; x_wconf 84' lang='lat' dir='ltr'>Np.</span> <span class='ocrx_word' id='word_1_312' title='bbox 743 4381 932 4430; x_wconf 78' lang='lat' dir='ltr'>nisi-Osann</span> <span class='ocrx_word' id='word_1_313' title='bbox 944 4379 1195 4430; x_wconf 74' lang='lat' dir='ltr'>num-Baehrens.</span> <span class='ocrx_word' id='word_1_314' title='bbox 1224 4380 1348 4443; x_wconf 78' lang='lat' dir='ltr'>251ignls</span> 
     </span>
     <span class='ocr_line' id='line_1_36' title="bbox 157 4464 885 4516; baseline -0.003 -2"><span class='ocrx_word' id='word_1_315' title='bbox 157 4472 217 4514; x_wconf 78' lang='lat' dir='ltr'>extr.</span> <span class='ocrx_word' id='word_1_316' title='bbox 227 4495 261 4504; x_wconf 93' lang='lat'>—</span> <span class='ocrx_word' id='word_1_317' title='bbox 271 4464 442 4516; x_wconf 66' lang='lat' dir='ltr'>Cornelium.</span> <span class='ocrx_word' id='word_1_318' title='bbox 479 4465 512 4514; x_wconf 80' lang='lat'>26</span> <span class='ocrx_word' id='word_1_319' title='bbox 524 4464 736 4514; x_wconf 80' lang='lat' dir='ltr'>radiant-Lat.</span> <span class='ocrx_word' id='word_1_320' title='bbox 753 4464 885 4513; x_wconf 79' lang='lat' dir='ltr'>Latinius.</span> 
     </span>
    </p>
   </div>
   <div class='ocr_carea' id='block_1_11' title="bbox 0 0 1727 4912">
    <p class='ocr_par' dir='ltr' id='par_1_11' title="bbox 0 0 1727 4912">
     <span class='ocr_line' id='line_1_37' title="bbox 0 0 1727 4912; baseline 0 0"><span class='ocrx_word' id='word_1_321' title='bbox 0 0 1727 4912; x_wconf 95' lang='lat' dir='ltr'> </span> 
     </span>
    </p>
   </div>
  </div>
 </body>
</html>
