3428 4912
313 297 355 361 10
715 315 745 366 Ρ.
782 313 954 364 cossam
977 314 1102 366 rncrrr

357 486 391 556 9.
441 489 526 553 Nam
549 491 695 555 carmina
718 497 753 554 et
776 511 901 566 versus,
927 489 1049 574 quibus
1073 498 1178 554 totam
1201 491 1306 554 vitam
1330 488 1507 554 Maternus

311 615 476 679 insumere
501 622 595 699 optat
620 614 716 703 (inde
741 616 831 679 enim
855 615 962 678 omnis
983 612 1086 679 fluxit
1105 616 1242 697 orat-io),
1266 636 1375 699 neque
1397 614 1508 701 digni-

311 747 414 803 tatem
438 740 542 803 ullam
565 739 757 803 auctoribus
780 741 850 802 suis
874 739 1056 803 conciliant
1073 760 1183 825 neque
1205 740 1370 804 utilitates
1386 739 1505 815 alunt3

310 864 519 948 voluptatem
531 871 644 928 autem
656 864 800 939 brevem,
818 864 952 928 laudem
968 866 1101 928 inanem
1118 871 1153 929 et
1170 863 1413 928 infructuosam
1431 884 1508 953 con-

276 1003 292 1052 o
310 996 509 1072 sequuntur.
553 989 634 1053 licet
645 988 726 1052 haec
739 989 811 1072 ipsa
826 996 861 1052 et
877 1010 962 1074 quae
979 988 1136 1073 deinceps
1151 989 1304 1053 dicturus
1319 1010 1396 1052 snm
1407 1010 1506 1054 aures

310 1125 397 1189 tuae,
424 1113 586 1189 Materne,
612 1119 780 1197 respuant,
806 1115 861 1177 cui
883 1113 969 1177 bono
985 1122 1046 1190 est,
1069 1114 1098 1177 si
1114 1113 1203 1198 apud
1220 1122 1253 1177 te
1270 1114 1505 1200 Agamemnon

309 1247 369 1303 aut
385 1239 482 1302 Iason
499 1237 620 1302 diserte
642 1238 816 1322 loquitur?
841 1239 917 1322 quis
941 1237 1016 1302 ideo
1040 1238 1176 1301 domum
1201 1237 1360 1303 defensus
1383 1246 1419 1302 et
1442 1238 1505 1303 tibi

308 1363 475 1449 obligatus
499 1362 608 1427 redit?
633 1363 709 1447 quis
726 1360 872 1425 Saleium
898 1370 1058 1437 nostrum,
1084 1364 1258 1449 egregium
1281 1370 1414 1447 poetam
1438 1363 1504 1438 vel,

307 1490 335 1552 si
359 1488 422 1552 hoc
446 1487 720 1551 honorificentius
744 1494 805 1563 est,
831 1487 1129 1571 praeclarissimum
1145 1495 1267 1561 vatem,
1292 1485 1431 1552 deducit
1445 1495 1507 1552 aut

260 1625 291 1673 ιο
307 1614 434 1677 salutat
457 1619 517 1676 aut
539 1611 776 1695 prosequitur?
801 1633 919 1694 nempe
943 1613 972 1675 si
996 1613 1121 1676 anricus
1138 1613 1220 1688 eius,
1237 1613 1266 1676 si
1282 1612 1504 1696 propinquus,

306 1739 335 1801 si
352 1737 497 1822 denique
520 1738 590 1820 ipse
613 1737 648 1799 in
670 1735 808 1820 aliquod
829 1738 1004 1822 negotium
1026 1736 1191 1811 inciderit,
1215 1735 1362 1800 adhunc
1379 1735 1507 1801 Secun-

307 1863 389 1926 dum
413 1870 562 1926 recurret
584 1868 645 1925 aut
667 1860 710 1923 ad
726 1869 769 1936 te,
794 1861 956 1937 Materne,
981 1882 1048 1925 non
1066 1863 1145 1945 quia
1160 1868 1258 1945 poeta
1274 1882 1319 1938 es,
1336 1882 1447 1945 neque
1463 1869 1506 1926 ut

308 2010 367 2071 pro
391 2008 430 2051 ec
454 2008 570 2051 versus
595 1985 697 2049 facias
709 2008 718 2060 ;
743 1985 778 2048 hi
802 1987 892 2050 enim
909 1986 1011 2050 Basso
1036 1985 1125 2050 dorni
1150 1993 1344 2063 nascuntur,
1369 1986 1505 2070 pulchri

308 2110 444 2196 quidem
469 2118 504 2174 et
527 2108 676 2181 iucundi,
702 2132 846 2194 quorum
869 2119 980 2174 tamen
996 2111 1050 2174 hic
1067 2112 1179 2175 exitus
1196 2118 1256 2185 est,
1281 2118 1322 2175 ut
1337 2132 1414 2175 cum
1430 2119 1505 2175 toto

259 2254 290 2302 la
306 2258 404 2308 auno,
429 2256 488 2319 per
512 2255 626 2298 omnes
650 2233 730 2309 dise,
757 2255 878 2320 magna
899 2236 1049 2298 noctium
1070 2243 1163 2320 parte
1186 2255 1292 2299 unum
1308 2235 1431 2299 librum
1447 2258 1506 2300 ex·

307 2359 402 2424 cudit
418 2367 453 2424 et
468 2358 688 2433 elucubravit,
706 2381 821 2444 rogare
839 2360 928 2423 ultro
944 2367 980 2423 et
995 2358 1117 2424 ambire
1134 2367 1283 2445 cogatur,
1301 2367 1342 2423 ut
1356 2361 1427 2424 sint
1441 2361 1504 2444 qui

307 2483 490 2571 dignentur
517 2483 643 2558 audire,
673 2491 708 2547 et
735 2505 776 2548 ne
805 2483 840 2546 id
868 2483 1005 2568 quidem
1033 2485 1159 2569 gratis3
1189 2505 1265 2547 nam
1298 2493 1333 2549 et
1364 2484 1504 2549 domum

306 2617 483 2672 mutuatur
498 2616 533 2672 et
549 2607 753 2671 auditorium
770 2609 915 2671 exstruit
931 2616 966 2672 et
977 2608 1136 2672 subsellia
1151 2606 1310 2672 conducit
1322 2616 1357 2672 et
1368 2608 1503 2674 libellos

306 2732 479 2819 dispergit.
527 2740 562 2796 et
585 2739 625 2796 ut
648 2731 859 2796 beatissimus
884 2733 1113 2797 recitationem
1137 2734 1210 2797 eius
1234 2741 1377 2798 eventus
1393 2754 1505 2818 prose·

256 2871 290 2919 20
306 2868 439 2942 quatur,
458 2858 565 2921 omnis
582 2858 646 2920 ista
662 2857 735 2920 laus
753 2857 840 2920 intra
862 2878 968 2919 unum
992 2864 1053 2921 aut
1075 2857 1218 2921 alterum
1236 2856 1335 2935 diem,
1353 2858 1505 2922 velutin

305 2982 406 3046 herba
423 2982 477 3045 vel
493 2981 572 3046 flore
585 2992 788 3066 praecerpta,
802 2982 845 3045 ad
861 2983 990 3045 nullam
1006 2990 1130 3046 certam
1147 2956 1182 3046 et
1193 2980 1332 3045 solidam
1346 2983 1505 3066 pervenit

305 3106 448 3193 frugem,
466 3128 526 3170 nec
543 3114 604 3170 aut
620 3108 799 3171 amicitiam
818 3106 895 3170 inde
912 3106 1014 3169 refert
1031 3113 1091 3169 aut
1115 3106 1304 3170 clientelam
1328 3113 1388 3170 aut
1412 3128 1506 3171 man·

304 3254 421 3294 surum
437 3233 473 3294 in
488 3233 599 3295 animo
619 3233 818 3316 cuiusquam
842 3231 1041 3295 beneficium
1057 3230 1116 3294 sed
1132 3232 1309 3295 clamorem
1325 3252 1451 3317 vagum
1467 3240 1505 3297 et

305 3381 403 3423 voces
420 3361 535 3423 inanes
552 3366 587 3423 et
602 3358 763 3444 gaudium
782 3360 927 3422 volucre.
975 3357 1186 3422 laudavimus
1204 3380 1312 3442 nuper
1326 3367 1367 3422 ut
1382 3360 1504 3424 miram

254 3506 288 3554 25
305 3492 340 3547 et
363 3484 519 3548 eximiam
536 3483 736 3567 Vespasiani
760 3482 1003 3557 liberalitatem,
1022 3481 1114 3567 quod
1137 3484 1325 3568 quingenta
1348 3485 1505 3549 sestertia

338 3692 368 3752 9,
404 3692 419 3739 3
437 3690 726 3740 addunt-Gntmaan
746 3696 783 3738 ut.
805 3689 985 3739 alias-loha
998 3690 1142 3739 utilitatem
1154 3689 1432 3751 solidam-Ribbeck,
1454 3692 1501 3742 Bt.

303 3776 319 3821 4
337 3780 365 3823 et
383 3774 673 3822 infructuosam-om.
695 3774 728 3821 I).
773 3773 1028 3834 brlcinceps—rlll
1047 3772 1218 3820 ‹lriude—o.
1256 3772 1504 3824 semlerum-A

305 3856 509 3906 Coelcium-B
523 3856 635 3905 Saltium
643 3857 718 3906 -1).
758 3857 789 3904 10
801 3856 902 3904 anricus
914 3860 955 3904 est
965 3856 1091 3903 si-All.
1132 3856 1161 3903 12
1173 3854 1337 3904 ‹lecurret—
1345 3854 1500 3906 Gronovius.

826 3954 841 3985 a

305 4013 430 4054 ut—om.
447 4006 480 4054 Ι).
520 4006 790 4055 maxerata-1301)
804 4006 1006 4054 extudit-All
1019 4005 1164 4053 extudit-
1173 4005 1230 4054 EV.
1263 4005 1329 4054 1813
1343 4005 1371 4054 in
1383 4007 1504 4068 inaratae

304 4089 443 4150 ‹rmcripsit
462 4090 530 4152 (lus.
553 4093 613 4142 l'll.
635 4093 690 4156 lin:
709 4092 868 4140 liaculorum
885 4093 1038 4141 comrmalat
1055 4092 1135 4140 aedes
1155 4106 1185 4140 ac
1204 4091 1282 4154 longe
1301 4090 1404 4141 ferrata
1420 4092 1504 4143 domo

303 4175 401 4222 serviro
423 4175 529 4223 iubetur
549 4182 576 4223 et
597 4190 664 4238 quac
686 4177 819 4226 cornlucto
840 4178 958 4239 pendent
979 4176 1128 4226 anabathra
1146 4176 1238 4238 tigillo.
1276 4176 1309 4225 20
1327 4176 1503 4226 ista-nnn

304 4257 478 4307 illa-cnr.
510 4257 581 4306 diem
595 4260 682 4307 vinam
694 4259 755 4308 (lein
769 4261 838 4308 iu-
847 4261 984 4309 acerram.
1017 4262 1045 4308 21
1061 4258 1359 4322 praecetpa-scaete,
1373 4258 1439 4308 Hrn.
1456 4259 1500 4309 aa.

304 4340 356 4388 Nl.
382 4341 646 4403 praecepta-Clu*
667 4344 912 4404 peremta-ABE
934 4341 1293 4405 intercepta-Peerlkamp.
1338 4342 1371 4391 22
1397 4340 1502 4409 [poeta]
