3450 4912
263 293 328 356 366
792 311 916 360 noras.

262 483 490 562 opportunity!
521 484 587 543 The
600 484 697 543 Dictt.
711 484 751 543 do
762 489 818 543 not
833 502 917 543 seem
933 489 967 542 to
982 482 1143 559 recognise
1154 482 1220 541 this
1233 480 1460 558 signification3

263 582 289 641 it
304 582 341 656 is,
358 582 512 657 however,
529 583 630 642 found
644 603 709 660 eg.
727 583 760 642 in
776 584 848 642 Tac.
865 583 948 641 Arm.
966 583 1056 642 1130
1078 581 1242 641 certabant
1259 586 1314 665 (sc.
1338 599 1462 640 accusa·

261 685 362 760 tores)
379 682 430 742 cui
446 682 495 742 ius
510 683 678 760 perorandi
694 683 728 742 in
743 702 830 742 reum
846 684 982 742 daretur.
1027 682 1161 740 vexandi
1181 681 1208 741 is
1229 681 1299 741 best
1313 680 1412 740 taken
1427 681 1462 738 in

261 782 316 840 the
340 801 430 841 sense
457 782 493 841 oi
513 782 659 855 ‘attackss
684 801 718 842 as
734 782 767 840 in
783 801 808 841 c.
825 783 843 840 1
860 792 892 840 20
915 782 1049 841 inultum
1072 788 1186 841 vexata
1207 788 1239 840 et
1261 781 1361 840 inrisa
1374 788 1462 840 vetu-

261 887 345 940 state
368 881 408 939 24
426 890 441 938 3
463 881 588 959 copiose
604 901 639 941 ac
654 882 741 941 varie
756 881 886 941 vexavit
907 881 1055 959 antiquos
1092 882 1154 942 Cic.
1171 883 1261 941 Tusc.
1278 881 1368 958 Disp.
1384 882 1414 940 V
1430 883 1461 955 9,

261 980 302 1040 29
325 987 459 1039 vexatur
482 980 722 1059 Theophrastus
749 987 781 1040 et
803 981 894 1040 libris
917 987 949 1040 et
971 981 1088 1039 scholis
1103 981 1243 1039 omniurn
1259 981 1462 1058 philosopho

262 1099 332 1138 rum
368 1080 406 1139 de
422 1099 485 1157 rep.
503 1081 552 1140 IV
567 1081 615 1154 10,
632 1081 669 1139 11
695 1099 789 1158 quem
811 1080 868 1139 illa
889 1084 994 1163 (vetus
1015 1080 1188 1157 comoedia)
1205 1099 1268 1138 non
1283 1079 1393 1156 attigit
1408 1080 1460 1139 vel
1496 1085 1500 1091 “

262 1180 368 1257 potius
395 1179 524 1238 vexarit
538 1180 683 1239 ?—The
709 1185 880 1239 statement
905 1198 1006 1239 seems
1032 1198 1051 1239 a
1076 1179 1247 1257 repetition
1272 1179 1306 1238 in
1331 1199 1350 1239 a
1373 1199 1460 1240 more

261 1279 471 1355 exaggerated
495 1280 577 1338 form
596 1280 631 1338 ol
654 1298 678 1338 c.
695 1281 735 1339 36
753 1289 783 1337 10
799 1279 1014 1339 accusationes
1038 1279 1216 1357 potentium
1242 1298 1373 1338 reorum.
1420 1281 1461 1339 Iu

260 1398 323 1456 any
340 1397 421 1452 case,
437 1379 502 1437 this
519 1385 691 1452 uttcrance,
708 1398 742 1438 as
758 1378 832 1437 well
847 1398 880 1439 as
895 1380 950 1438 the
966 1378 1139 1455 following,
1155 1379 1183 1437 is
1199 1378 1286 1456 quite
1309 1379 1461 1438 unsuited

260 1483 294 1537 to
311 1478 486 1537 Maternus’
503 1478 648 1537 attitude.

303 1577 322 1635 2
345 1579 416 1655 ipsa
434 1578 681 1639 inimicitiarum
700 1579 823 1656 gloria:
847 1578 895 1638 Cf.
909 1597 933 1637 c.
947 1580 1029 1638 3611
1052 1578 1236 1654 adsignatae
1251 1573 1346 1637 etiam
1361 1578 1460 1636 domi-

260 1677 319 1736 bus
335 1677 523 1736 inimicitiae
552 1679 592 1737 37
608 1683 671 1737 ext.
695 1677 865 1737 nobilitata
881 1677 1118 1737 discriminibus
1141 1678 1203 1737 and
1224 1696 1289 1754 esp.
1306 1677 1348 1735 H.
1366 1678 1459 1738 1153

260 1782 296 1835 ut
312 1795 411 1835 novus
427 1777 529 1837 adhuc
544 1783 577 1836 et
592 1777 626 1835 in
642 1784 785 1837 senatum
801 1796 901 1853 nuper
923 1777 1063 1837 adscitus
1086 1777 1192 1856 magni
1211 1783 1259 1861 (=
1273 1796 1460 1853 magnorum

260 1876 414 1955 virorum)
432 1876 611 1936 inimicitiis
626 1877 812 1936 claresceret
829 1881 884 1961 (sc.
902 1876 1060 1955 Caecina).

302 1977 321 2034 3
345 1977 458 2037 Publio
477 1978 604 2054 quidem
623 1977 787 2053 Scipione:
811 1976 939 2035 Tacitus
966 1976 1119 2054 probably
1145 1975 1201 2035 has
1227 1975 1398 2053 especially
1425 1976 1460 2035 in

260 2076 349 2135 mind
374 2076 428 2135 the
455 2074 633 2135 celebrated
657 2075 734 2134 feud
759 2075 902 2134 between
928 2075 983 2134 the
1008 2075 1095 2134 elder
1111 2075 1262 2134 'Tiberius
1285 2075 1458 2151 Gracchus,

261 2175 338 2235 Cato
363 2175 426 2234 and
451 2175 506 2233 the
531 2180 595 2234 two
622 2174 754 2251 Scipios,
778 2175 926 2234 recorded
948 2174 980 2232 in
1004 2174 1094 2251 Livy.
1139 2175 1187 2235 cf.
1211 2175 1393 2235 XXXVIII
1417 2177 1459 2236 54

260 2275 364 2333 Morte
377 2274 523 2333 Africani
539 2293 664 2333 crevere
680 2273 881 2332 inimicorum
896 2273 1004 2346 animi,
1021 2293 1155 2351 quorum
1169 2273 1316 2352 princeps
1331 2274 1396 2333 fuit
1411 2276 1456 2335 M.

259 2373 391 2432 Porcius
408 2374 485 2434 Cato
501 2373 555 2450 qui
572 2373 645 2430 vivo
661 2391 785 2449 quoque
801 2392 838 2432 eo
852 2373 1009 2432 adlatrare
1025 2373 1276 2449 magnitudinem
1295 2373 1363 2432 eius
1386 2374 1460 2433 soli-

258 2479 311 2531 tus
327 2478 396 2531 erat
431 2474 471 2533 57
495 2473 671 2534 Gracchum
700 2478 769 2556 (not
794 2472 946 2531 Metellus
973 2472 1204 2545 Macedonicus,
1231 2472 1335 2531 whom
1360 2474 1458 2534 Peter

259 2591 284 2630 c.
301 2572 341 2631 36
357 2582 386 2629 11
410 2571 453 2648 by
468 2591 486 2630 a
501 2577 628 2647 strange
644 2571 707 2648 slip
723 2572 758 2629 of
772 2590 913 2648 memory
925 2572 1018 2650 cites)
1036 2617 1042 2630 .
1060 2618 1067 2631 .
1085 2617 1091 2630 .
1109 2571 1229 2630 iurasse
1245 2571 1307 2630 sibi
1322 2571 1459 2633 1111111111-

258 2670 320 2729 tias
344 2690 414 2729 cum
438 2670 646 2747 Scipionibus,
664 2689 744 2748 quae
764 2671 911 2745 fulssent,
928 2690 1053 2730 manere
1098 2671 1178 2731 Gell.
1195 2671 1242 2729 VI
1260 2672 1353 2755 (VII)
1371 2673 1421 2747 19,
1438 2675 1458 2733 6

259 2776 349 2847 pater
364 2770 433 2830 Tib.
450 2776 545 2846 atque
562 2770 594 2830 C.
612 2771 825 2830 Gracchorum
841 2790 911 2829 curn
927 2772 961 2830 P.
977 2770 1122 2847 Scipione
1138 2770 1291 2830 Africano
1307 2770 1458 2832 inimicus

259 2870 363 2945 gravis
387 2869 426 2927 ob
449 2869 615 2947 plerasque
640 2869 673 2927 in
696 2870 858 2946 republica
877 2869 1089 2928 dissensiones
1108 2875 1201 2942 essct,
1217 2869 1336 2929 iuravit
1351 2871 1457 2948 palam

258 2969 292 3027 in
317 2969 489 3028 amicitiam
513 2968 608 3045 inque
625 2969 759 3045 gratiam
782 2988 815 3027 se
838 2988 908 3027 cum
931 2969 965 3026 P.
982 2969 1134 3027 Africano
1149 2987 1211 3026 non
1235 2969 1354 3028 redisse
1391 2971 1455 3031 Cic..

259 3068 297 3127 de
315 3089 378 3145 rep.
394 3071 409 3126 I
423 3070 471 3137 19,
482 3069 520 3126 31
535 3068 762 3127 obtrectatores
785 3075 892 3127 autern
907 3072 939 3125 ct
962 3067 1063 3125 invidi
1087 3067 1244 3144 Scipionis
1279 3068 1350 3127 Val.
1369 3070 1456 3130 Max.

260 3169 399 3241 1117,1
440 3169 488 3228 IV
502 3169 567 3242 2‚3
601 3167 707 3241 V3,2
745 3165 1456 3232 1111011119.15,-Ι..811111111111011.

260 3268 426 3345 Pompeio:
450 3267 517 3326 The
542 3267 667 3344 history
689 3267 723 3326 of
747 3267 824 3324 both
850 3267 885 3323 of
910 3266 999 3324 these
1022 3286 1094 3324 men
1117 3265 1278 3326 furnishes
1293 3267 1459 3329 abundant

259 3367 419 3444 examples
440 3368 475 3425 ol
497 3367 621 3426 attacks
646 3386 686 3426 on
710 3367 763 3425 the
786 3372 858 3443 part
879 3367 914 3423 of
935 3366 1077 3443 political
1097 3373 1281 3444 opponente.

360 3503 401 3550 (in
413 3501 459 3549 the
471 3502 602 3562 necessity
615 3500 643 3548 of
655 3499 784 3561 inserting
798 3500 825 3547 L.
837 3499 928 3547 before
944 3499 1051 3558 ‘Sulla'
1066 3485 1110 3547 see
1122 3499 1179 3548 crit.
1196 3507 1259 3548 note
1270 3514 1292 3549 c.
1310 3501 1384 3549 1817.

301 3635 333 3676 se
347 3655 352 3665 ·
369 3654 374 3665 ·
391 3655 396 3665 -
413 3617 608 3675 abstinerent
625 3632 631 3674 :
657 3613 695 3671 Se
710 3615 859 3672 abstinere
874 3616 910 3671 ab
926 3615 1031 3689 aliquo
1054 3614 1080 3672 is
1097 3615 1271 3692 extremely
1288 3634 1365 3674 rare.
1405 3617 1455 3677 ef.

259 3715 362 3774 l'laut.
388 3716 476 3774 Curc.
501 3714 561 3786 11,
578 3715 617 3773 37
655 3713 831 3773 Ciahcad.
856 3714 1012 3781 1117‚55
1050 3714 1243 3774 Sencontr.
1268 3715 1364 3787 12,9
1403 3717 1455 3776 Ps.

259 3816 365 3884 Quint.
391 3815 473 3887 12,1
504 3814 555 3871 Ps.
581 3813 653 3871 Sall.
680 3813 713 3870 in
736 3812 798 3872 Cic.
823 3815 887 3884 3,9
909 3815 971 3871 and
993 3813 1129 3890 perhaps
1152 3815 1223 3873 Tac.
1246 3814 1287 3872 H.
1305 3815 1368 3873 Vs
1400 3835 1457 3875 sue

259 3916 420 3972 abstinent
444 3915 527 3994 [MS.
545 3932 616 3972 sues
631 3936 667 3961 =
682 3932 736 3971 sue
757 3932 790 3970 se
802 3913 834 3991 ?]
858 3912 915 3971 bnt
938 3913 1127 3991 apparently
1149 3919 1206 3972 not
1227 3913 1398 3974 elsewhere
1422 3915 1456 3973 in

259 4015 362 4073 Latin.
409 4013 465 4071 See
482 4012 662 4085 Weinhold,
686 4013 800 4069 Archia
816 4013 862 4071 VI
885 4013 954 4070 512.
967 4015 1058 4074 —ad
1077 4015 1275 4075 incessendos
1292 4015 1457 4092 principes

258 4117 344 4176 viros
357 4118 392 4173 ut
404 4118 450 4173 est
463 4118 579 4172 natura
591 4113 750 4173 invidiae:
774 4112 840 4170 'l'he
857 4112 992 4187 thought
1004 4113 1031 4171 is
1044 4132 1062 4171 a
1073 4112 1315 4190 commonplaoe‚
1327 4113 1406 4172 both
1422 4114 1456 4173 in

260 4211 364 4271 Greek
377 4212 438 4270 and
451 4212 554 4270 Latin.
581 4211 629 4270 Cf.
643 4229 705 4285 eg.
719 4211 828 4287 Eurip.
843 4212 956 4269 liellcr.
972 4212 1082 4286 fragm.
1097 4213 1157 4271 294
1169 4213 1245 4271 Nk.²
1256 4218 1292 4276 εἰς
1307 4215 1457 4292 τάπίσημα

258 4312 282 4372 δ’
299 4316 314 4372 ὁ
338 4313 442 4386 φθόνος
464 4312 555 4388 πηδᾶν
576 4317 659 4384 φιλεῖ
688 4311 812 4368 Lucret.
824 4311 852 4368 V
868 4312 947 4369 1118
962 4311 992 4368 ff.
1011 4311 1085 4369 Sall.
1097 4312 1165 4387 Ing.
1178 4313 1218 4371 55
1233 4318 1306 4388 post
1321 4312 1456 4388 glorIam
