3428 4912
715 333 998 384 PROLEGOMENA.

291 509 356 572 quia
372 507 493 558 deforme
513 512 595 570 atque
611 507 707 557 servile
725 513 784 556 est.
800 543 828 557 ..

291 591 398 652 deinde,
417 591 499 654 quod,
517 591 541 640 si
559 591 604 640 cui
621 596 678 640 tam
697 597 739 639 eat
758 605 833 642 mens

291 675 428 726 illiberalis
439 681 470 723 nt
482 674 668 737 obiurgatione
680 688 736 723 non
751 677 833 726 corri-

290 769 377 826 gatur,
391 761 414 809 is
430 759 512 808 etiam
530 758 565 808 ad
583 758 694 822 plagas.
709 798 715 810 .
731 796 737 809 .
752 761 832 811 dura-

290 847 432 896 bitur...
453 845 522 895 adde
546 846 617 909 quod
641 846 727 896 multa
750 860 832 910 vapn-

289 929 408 981 lantibus
439 931 513 981 dictu
545 931 678 982 deformia
709 936 737 981 et
768 945 832 981 mox

289 1015 466 1065 verecundiae
484 1015 578 1065 futura
592 1029 671 1078 saepe
685 1014 778 1065 dolore
790 1014 830 1063 vel

916 503 973 567 μηδ’
985 509 1109 567 αἰκισμοῖς.
1136 503 1187 556 'Ed
1198 509 1248 570 γάρ
1259 526 1306 558 που
1317 511 1395 559 ταῦτα
1407 512 1459 562 τοῖς

917 594 1006 640 δούλοις
1022 593 1118 649 μᾶλλον
1128 587 1144 651 ἣ
1156 592 1206 641 τοῖς
1217 593 1344 653 ἐλευθέροις
1357 595 1459 655 πρέτειν

917 713 923 726 .
938 712 945 724 .
958 713 964 726 .
980 676 1134 735 ἀποναρκῶσι
1145 676 1195 736 γόρ
1207 677 1246 722 καί
1259 677 1387 737 φρίττουσι
1398 678 1457 739 πρός

915 763 968 811 rods
985 763 1077 822 πόνους,
1091 763 1124 810 τό
1141 763 1186 819 μέν
1204 763 1243 810 όιό
1260 763 1304 811 τός
1319 764 1458 823 ἀλγηδόνος

915 850 965 896 τῶν
976 851 1089 908 πληγῶν,
1103 852 1136 899 τό
1152 852 1178 898 δέ
1196 853 1236 899 καί
1252 853 1291 900 tat
1306 853 1350 901 τός
1369 844 1453 914 ὕβρεις.

913 931 1006 981 ἐπαινοι
1022 935 1048 982 όέ
1065 952 1104 982 και
1119 934 1192 996 ψόγοι
1209 938 1289 995 πόσης
1304 939 1365 985 εἰσίν
1378 938 1457 987 ululas

916 1009 1093 1079 ὠφελιμώτεροι
1104 1018 1154 1066 τοῖς
1165 1020 1292 1079 ἐλευθέροις
1303 1024 1352 1069 etc.

289 1103 364 1147 metu
382 1099 548 1158 acciderunt,
563 1099 610 1161 qni
626 1098 714 1161 pudor
730 1097 832 1161 frangit

289 1181 450 1230 animnm¹⁹⁹

297 1297 362 1355 But
377 1297 405 1355 if
419 1297 597 1367 Quintilian
612 1297 676 1356 and
690 1297 741 1355 Ps.
759 1297 912 1356 Plutarch
927 1297 1012 1357 drew
1027 1298 1110 1358 from
1125 1299 1180 1359 the
1195 1318 1281 1360 same
1296 1301 1453 1377 fountain,

256 1395 283 1455 it
306 1396 430 1454 follows
454 1396 525 1455 that
550 1396 641 1455 other
666 1396 806 1472 striking
828 1396 1040 1473 parallelisms
1064 1398 1206 1458 between
1229 1399 1326 1473 them,
1348 1400 1454 1460 where

255 1494 443 1570 Quintilian,
460 1495 614 1568 however,
630 1495 705 1554 faiis
726 1500 759 1554 to
781 1495 1002 1572 acknowledge
1024 1496 1074 1555 his
1097 1497 1198 1557 direct
1220 1498 1453 1575 indebtedness,

255 1613 315 1654 can
329 1595 405 1673 only
419 1595 457 1654 be
473 1595 643 1672 explained
657 1614 698 1653 on
713 1594 768 1653 the
784 1613 868 1654 same
884 1596 1100 1673 assumption:

255 1728 347 1790 Quint.
363 1728 377 1777 I
395 1729 418 1788 1,
432 1730 448 1777 2
460 1727 480 1777 f.
501 1732 621 1790 praestat
638 1764 644 1777 .
666 1765 672 1777 .
694 1764 700 1776 .
721 1728 829 1790 ingenio
879 1742 901 1777 c.
917 1729 933 1776 4
950 1732 971 1777 εί
983 1732 1010 1777 δέ
1020 1747 1056 1779 τις
1067 1733 1150 1790 οίεται,
1164 1732 1270 1780 rothrodus
1281 1734 1306 1780 εδ
1318 1732 1455 1792 πεφυκότας

288 1811 357 1861 alins
370 1811 453 1860 alium
466 1848 472 1861 .
487 1846 494 1860 .
510 1848 516 1862 .
531 1824 611 1859 nemo
628 1811 768 1872 reperitur,
782 1811 830 1873 qui
912 1815 1035 1871 μαθήσεως
1056 1815 1095 1860 καί
1115 1815 1218 1872 μελέτης
1240 1813 1361 1875 τυχόντας
1383 1816 1454 1876 ὀρθῆς

287 1895 323 1944 sit
333 1894 423 1944 studio
435 1894 502 1943 nihil
514 1900 681 1944 consecutus.
913 1897 970 1957 πρός
982 1898 1070 1957 ἀρετὴν
1081 1897 1122 1945 οὐκ
1134 1898 1164 1944 ἀν
1172 1898 1219 1956 τὴν
1227 1899 1271 1956 τῆς
1280 1899 1371 1957 φύσεως
1379 1900 1454 1947 ἐλότ·

912 1996 988 2027 τινοιν
998 1982 1030 2029 είς
1039 1979 1224 2040 τούνδεχόμενον
1231 1982 1382 2042 ἀναδραμεῖν,
1391 1983 1454 2031 ἐστιν

913 2064 1023 2111 πολλοῦ.
1039 2099 1045 2112 .
1062 2099 1068 2111 .
1084 2064 1257 2123 όιαμαρτάνιυν.

254 2178 269 2228 Ι
287 2179 340 2239 1,8
358 2178 392 2228 de
409 2177 499 2239 pueris
516 2190 579 2226 vero
597 2214 602 2226 .
619 2213 625 2226 .
642 2213 648 2225 .
668 2177 739 2226 idem
757 2177 829 2239 quod
879 2192 901 2227 c.
917 2177 973 2227 'lrd
989 2181 1015 2227 δέ
1027 2180 1127 2228 πόντων
1137 2182 1272 2239 μέγιοτον.
1288 2217 1294 2229 .
1310 2218 1316 2231 .
1331 2183 1455 2243 τῶνείρη-

287 2262 321 2311 de
333 2261 484 2310 nutricibus
495 2260 598 2309 dictum
609 2260 659 2310 sit:
680 2260 713 2308 de
731 2260 830 2322 paeda·
912 2264 990 2320 μένων
1010 2261 1113 2324 ίρχομαι
1136 2265 1244 2324 ρρόοων.
1296 2265 1454 2315 όιδαοκόλους

287 2346 362 2408 gogis
373 2346 423 2394 hoc
435 2344 551 2408 amplius
562 2350 593 2392 ut
605 2350 652 2393 ant
663 2345 718 2392 sint
730 2343 830 2392 eruditi
912 2347 961 2407 γὰρ
985 2348 1102 2405 ζητητέον
1122 2349 1170 2395 τοῖς
1191 2349 1281 2396 τέκνοις
1299 2347 1322 2395 ol
1341 2349 1381 2395 καί
1404 2349 1455 2398 τοῖς

287 2428 376 2491 plane,
401 2442 483 2492 quam
512 2429 627 2490 primam
656 2441 713 2477 esse
736 2441 829 2476 curam
912 2429 972 2488 βίοις
988 2431 1049 2477 ιίτίν
1065 2430 1226 2489 ἀδιάβλητοι.
1243 2465 1249 2479 .
1265 2466 1272 2480 .
1286 2432 1326 2477 καί
1343 2431 1397 2479 ταῖς
1413 2432 1455 2489 ίμ·

288 2512 376 2572 velim,
406 2518 454 2561 aut
481 2524 510 2560 se
539 2524 594 2559 non
623 2524 679 2559 esse
709 2510 829 2559 eruditos
913 2513 1011 2572 τειρίαις
1029 2514 1130 2572 δριατοι.

288 2595 375 2644 sciant

255 2713 270 2763 I
288 2713 311 2772 1,
325 2713 341 2760 6
359 2712 387 2761 in
405 2711 561 2774 parentibus
575 2724 639 2759 vero
654 2724 734 2772 quam
748 2710 830 2772 pluri·
879 2709 943 2759 ibid.
957 2712 996 2758 νῦν
1008 2713 1034 2759 δέ
1045 2729 1080 2760 τις
1093 2714 1132 2759 καί
1144 2713 1306 2760 καταπτύσειε
1317 2714 1368 2760 τόν
1378 2714 1455 2762 πατί-

288 2808 363 2844 mum
375 2809 432 2844 esse
444 2793 603 2843 eruditionis
614 2793 762 2856 optaverim
911 2812 960 2854 ρων
977 2795 1054 2853 ἐνίων,
1075 2796 1159 2843 οίτινις
1179 2797 1236 2855 τρίν
1254 2796 1380 2853 δοκιμασω
1400 2796 1455 2845 τοόι

912 2878 1046 2935 μέλλοντας
1069 2879 1189 2926 όιόόοιςειν
1213 2873 1244 2925 δι’
1267 2881 1375 2939 ἀγνοιαν,
1398 2873 1451 2928 ἐσθ’

912 2961 953 3007 δτε
967 2962 1006 3007 καί
1024 2955 1056 3008 δι’
1071 2962 1181 3021 ἀπειρίαν
1192 2963 1324 3022 ἀνθρώπως
1336 2963 1455 3020 ἀδοκίμοις

913 3078 919 3091 .
935 3079 941 3092 .
957 3079 963 3091 .
979 3045 1138 3105 ἐγχειρίζουσι
1150 3045 1203 3092 rods
1215 3045 1303 3093 παῖδας
1315 3048 1366 3094 etc.

300 3160 332 3195 ¹⁹⁹
344 3160 517 3223 Chrysippus’
539 3162 598 3221 Περί
617 3161 711 3208 παίδων
729 3161 830 3219 ἀγωγῆς
848 3159 871 3208 is
889 3159 989 3221 quoted
1010 3159 1046 3220 by
1066 3158 1216 3219 Quintilian
1235 3159 1263 3208 in
1283 3160 1358 3209 three
1376 3161 1456 3210 other

254 3257 387 3309 passages,
401 3250 430 3292 to
442 3243 530 3292 which
541 3243 616 3292 there
629 3256 675 3292 are
687 3256 723 3291 no
735 3241 838 3304 strictly
851 3241 998 3304 analogous
1015 3240 1191 3303 parallelisms
1209 3242 1237 3290 in
1252 3244 1295 3291 Ps.
1311 3242 1454 3293 Plutarch:

255 3328 269 3377 1
287 3330 310 3387 1,
326 3328 357 3375 td
374 3326 421 3376 sed
439 3326 484 3375 alii
502 3340 608 3388 quoque
626 3332 757 3383 auctores,
773 3326 843 3373 inter
861 3338 927 3387 quos
945 3325 1145 3385 Eratosthenes,
1160 3325 1231 3373 idem
1248 3333 1452 3388 praeceperunt,

255 3411 350 3460 melius
368 3415 459 3459 autem
478 3409 523 3471 qui
542 3408 645 3457 nullum
664 3414 770 3470 ternpus
785 3422 880 3457 vacare
897 3422 961 3457 cura
973 3407 1076 3467 volunt,
1091 3413 1121 3456 ut
1136 3407 1307 3469 Chrysippus.
1344 3423 1409 3458 nam
1421 3409 1453 3470 is,

255 3494 377 3558 quamvis
396 3492 546 3542 nutricibus
563 3492 710 3541 triermium
728 3492 840 3551 dederit,
855 3499 947 3541 tamen
965 3493 999 3541 ab
1017 3491 1069 3541 illis
1087 3506 1192 3554 quoque
1210 3492 1264 3541 iam
1282 3491 1455 3543 formandam

255 3593 336 3641 quam
348 3578 457 3640 optimis
469 3577 599 3626 institutis
611 3582 729 3625 mentem
743 3576 888 3625 infantium
900 3576 1008 3625 iudicat.
1036 3576 1049 3624 I
1062 3577 1101 3636 10,
1110 3576 1142 3624 32
1155 3582 1182 3624 et
1197 3576 1360 3638 Chrysippus
1371 3577 1455 3627 etiam

255 3662 392 3711 nutricum
412 3660 451 3710 illi
472 3674 540 3723 quae
561 3659 704 3709 adhibetur
724 3659 874 3708 infantibus
894 3658 1068 3708 adlectationi
1088 3673 1167 3707 sunm
1188 3659 1324 3721 quoddam
1344 3673 1455 3709 carmen

255 3746 385 3807 adsignat.
424 3744 438 3793 I
456 3746 496 3803 11,
512 3744 541 3792 17
561 3757 621 3792 cnm
634 3743 792 3806 praesertim
804 3743 870 3791 haec
882 3742 1049 3790 chironomia
1063 3756 1131 3804 quae
1147 3747 1196 3800 est,
1211 3743 1251 3791 uti
1268 3743 1379 3792 nomine
1397 3743 1456 3806 ipso

254 3828 416 3884 declaratur,
431 3827 475 3876 lex
486 3832 594 3889 gestus.
611 3863 616 3875 .
633 3863 639 3876 .
655 3833 712 3875 eta
727 3826 874 3886 Chrysippo
893 3827 921 3874 in
935 3827 1082 3886 praeceptis
1099 3825 1130 3874 de
1148 3826 1284 3875 liberorum
1303 3826 1456 3877 εάιιοιιίίοιιο

255 3925 310 3960 non
328 3911 433 3960 omissa
471 3910 527 3958 The
547 3909 598 3959 last
616 3909 712 3971 phrase
731 3908 788 3958 also
806 3908 884 3957 hears
904 3909 1012 3956 witness
1032 3913 1060 3956 to
1081 3908 1126 3956 the
1147 3908 1342 3971 completeness
1359 3909 1390 3959 of
1409 3910 1455 3959 the

256 3994 344 4043 Greek
364 3994 482 4047 treatise.
503 3993 546 4041 for
566 3998 594 4041 to
614 4006 662 4054 say
684 3998 747 4041 ‘nor
765 3992 814 4040 has
832 3991 887 4039 this
906 3992 974 4040 been
996 3991 1107 4039 omitted
1127 3992 1163 4054 by
1183 3991 1348 4055 Chrysippus
1366 3992 1396 4042 ln
1413 3993 1456 4042 his

254 4077 452 4140 praecepissem*
466 4075 570 4138 implies
582 4075 641 4124 that
653 4074 803 4136 Quintilian
815 4074 904 4123 would
917 4074 984 4123 have
996 4075 1064 4122 been
1077 4088 1141 4136 very
1154 4075 1234 4123 much
1246 4075 1391 4137 surprised‚
1400 4075 1455 4125 had

255 4160 288 4209 he
301 4161 371 4209 done
383 4174 420 4208 so.
458 4159 514 4207 The
532 4158 606 4207 word
625 4160 759 4219 χειρονομία
778 4156 849 4205 itself
867 4171 929 4219 may
945 4157 1015 4206 have
1031 4158 1099 4206 been
1114 4158 1210 4207 coined
1224 4158 1260 4220 by
1274 4158 1454 4221 Chrysippos;

255 4250 284 4293 at
301 4244 369 4293 least
387 4243 408 4291 it
425 4243 489 4291 does
506 4248 554 4291 not
571 4255 643 4290 seem
661 4247 689 4289 to
707 4255 788 4290 occur
804 4240 896 4289 before
916 4241 961 4289 the
984 4241 1050 4289 timo
1071 4240 1100 4289 of
1122 4242 1233 4301 Lucian,
1254 4242 1335 4304 being
1356 4241 1452 4301 found,

254 4326 436 4390 significantly
448 4325 563 4387 enough,
578 4324 605 4372 in
619 4324 664 4372 the
675 4328 729 4384 περί
741 4325 863 4385 ὀρχήσεως
874 4338 897 4373 c.
907 4325 947 4373 te.
985 4324 1041 4372 The
1054 4324 1119 4373 verb
1131 4327 1275 4385 χειρονομεῖν
1286 4324 1308 4373 is
1319 4329 1377 4373 met
1387 4325 1455 4374 with

256 4409 434 4473 occasionally
447 4409 475 4458 in
484 4408 562 4459 Plato
574 4421 597 4456 e.
606 4421 630 4470 g.
645 4407 679 4457 de
692 4407 741 4470 leg.
757 4407 838 4457 tund.
854 4408 901 4456 7116
908 4420 930 4456 e.
