3428 4912
453 347 639 398 ammaus
663 347 712 396 na
737 346 977 398 onironmos
1259 330 1302 394 53

101 535 163 590 aut
178 524 241 590 Cn.
260 525 420 609 Pompeio
436 523 651 598 abstinerent,
669 530 704 586 et
720 521 762 585 ad
779 522 991 586 incessendos
1013 524 1180 608 principes
1203 526 1302 619 viros,

101 659 143 714 ut
158 658 211 715 est
230 658 352 714 natura
372 647 531 723 invidiae,
548 647 664 732 populi
687 668 833 731 quoque,
855 650 874 730 †
898 655 939 711 ut
959 646 1147 724 histriones,
1168 649 1304 713 auribus
1338 662 1353 711 5

100 784 291 851 uterentur,
320 782 488 859 quantum
515 771 666 836 ardorem
698 772 856 857 ingeniis,
886 794 969 856 quas
1001 772 1184 837 oratoribus
1215 772 1304 839 feces

100 897 347 964 admovebant!
367 947 374 962 .
394 946 428 960 ..

151 1023 227 1089 [End
238 1022 270 1083 os
277 1023 420 1072 Semendas'
433 1021 524 1083 speses
535 1022 590 1071 and
602 1021 741 1084 bepinninp
753 1021 785 1081 os
793 1021 940 1071 Maternas'
954 1023 1052 1084 ciosinp
1063 1023 1171 1073 address
1183 1023 1253 1086 lost]

152 1121 282 1186 ..Non
306 1121 347 1186 de
372 1123 478 1185 otiosa
500 1129 534 1184 et
556 1122 671 1204 quieta
686 1143 720 1185 re
738 1121 910 1204 loquimur
926 1129 961 1185 et
976 1143 1061 1206 quae
1082 1122 1246 1207 probitate
1270 1133 1305 1188 et

103 1246 269 1311 modestia
294 1245 449 1332 gaudeat,
476 1244 535 1309 sed
563 1254 614 1309 est
639 1266 760 1330 magna
786 1245 844 1308 illa
869 1254 904 1309 et
928 1245 1083 1310 notabilis
1112 1247 1305 1332 eloquentia

102 1371 242 1434 alumna
265 1369 421 1434 licentiae
446 1390 547 1454 quam
571 1369 669 1433 stulti
692 1368 882 1433 libertatem
905 1370 1062 1444 vocitant,
1089 1393 1198 1436 comes
1221 1372 1305 1436 sedi-
1324 1388 1352 1434 lo

104 1496 249 1570 tionum,
263 1493 417 1558 effrenati
433 1493 550 1578 populi
564 1494 828 1567 incitamentum,
843 1494 913 1557 sine
927 1493 1096 1579 obsequio,
1110 1497 1181 1560 sine
1195 1499 1294 1560 severi

105 1629 182 1695 tate,
208 1626 401 1693 contumax,
427 1618 609 1692 temeraria,
635 1615 808 1702 adrogans,
835 1638 920 1701 quae
945 1619 979 1680 in
1004 1618 1087 1683 bene
1112 1621 1304 1684 constitutis

104 1742 301 1807 civitatibus
323 1763 391 1806 non
412 1743 530 1806 oritur.
579 1762 680 1826 quem
702 1742 792 1805 enim
814 1750 976 1805 oratorem
994 1742 1302 1820 Lacedaemonium,

105 1889 209 1952 quem
237 1866 432 1931 Cretensem
460 1865 670 1949 accepimus?
722 1887 865 1949 quarum
892 1867 1070 1931 civitatum
1097 1871 1305 1934 severissima

104 1990 286 2077 disciplina
311 1998 346 2054 et
372 1991 597 2054 severissimae
625 1990 716 2076 leges
745 1990 934 2054 traduntur.
994 2013 1054 2056 nee
1081 1993 1304 2059 Macedonum
1324 2018 1353 2064 ra

105 2115 246 2201 quidem
268 2137 305 2180 ao
323 2115 500 2179 Persarum
521 2122 581 2178 aut
603 2115 708 2178 ullius
731 2116 842 2201 gentis
860 2137 945 2199 quae
966 2126 1055 2181 certo
1071 2119 1209 2203 imperio
1231 2142 1305 2184 oon-

106 2248 203 2305 tenta
230 2239 334 2304 fuerit
361 2239 588 2324 eloquentiam
617 2240 782 2303 novimus.
843 2239 966 2303 Rhodii
995 2241 1142 2326 quidam,
1168 2245 1304 2328 plurimi

106 2365 335 2429 Athenienses
367 2371 511 2428 oratores
543 2365 731 2427 extiterunt
768 2363 858 2449 apud
890 2387 973 2449 quos
1006 2368 1116 2430 omnia
1147 2370 1303 2452 populus,

107 2491 220 2554 omnia
237 2490 394 2574 imperiti,
412 2490 532 2564 omnia,
552 2497 592 2553 ut
613 2491 659 2553 sic
681 2488 833 2566 dixerim,
852 2512 966 2555 omnes
982 2500 1145 2576 poterant.
1193 2504 1305 2559 nosos

107 2637 244 2700 quoque
258 2615 388 2689 civitas,
402 2613 507 2677 donec
520 2615 652 2689 erravit,
667 2613 772 2678 donec
784 2636 818 2678 se
835 2615 985 2699 partibus
998 2624 1033 2680 et
1045 2616 1305 2683 dissensionibus
1322 2638 1354 2684 ao

106 2788 194 2838 biliter
210 2789 368 2838 emendatas.
405 2795 437 2837 ut
453 2787 528 2838 hlstr.
549 2802 605 2838 aur.
615 2787 749 2848 -Halm,
768 2788 811 2838 Pt.
833 2797 860 2838 et
877 2789 1089 2841 histriones—a
1106 2793 1180 2844 histr.
1201 2808 1305 2857 quoque

107 2886 169 2934 pop.
185 2885 242 2920 aur.
253 2871 442 2930 -Acidaiius,
457 2871 529 2920 And.
544 2884 605 2932 pop.
620 2884 725 2933 quoque
737 2872 1028 2934 ceu-Sobarqtleiscb,
1048 2875 1099 2926 Ma.
1119 2876 1215 2939 pulpiti
1233 2891 1257 2939 q.
1275 2885 1306 2927 ut

107 2955 170 3004 hiet.
186 2954 328 3004 artibus·
337 2953 435 3012 Osann,
447 2953 492 3003 aa.
506 2967 554 3016 per
566 2953 627 3003 hist.
640 2954 864 3003 naribus-Roth
876 2962 908 3003 ut
919 2955 979 3004 hist.
994 2956 1268 3018 plausibus—Haase
1279 2966 1306 3009 et

106 3037 194 3101 plebis
205 3037 298 3100 pronis
307 3035 641 3085 auribus-Weissenborn
653 3042 683 3085 ut
695 3042 736 3085 est
747 3043 845 3087 natura
856 3038 956 3100 populi,
972 3040 1086 3090 invidiae
1099 3056 1124 3104 q.
1138 3048 1166 3090 et
1178 3043 1306 3093 irrisionis

107 3119 447 3181 artibus-Bezzenberper
459 3119 575 3168 invidiae
587 3118 649 3170 hist.
664 3133 688 3181 q.
704 3134 764 3182 pop.
779 3135 835 3170 aur.
844 3120 1038 3182 -Nipperdey
1055 3137 1111 3172 aur.
1132 3125 1306 3175 adularentur

107 3202 147 3252 uel
176 3201 480 3252 blandirentur-coni.
512 3201 651 3251 Michaelis
678 3202 851 3265 popularibus
880 3209 907 3252 st
934 3204 1135 3256 histrionalibus
1163 3209 1306 3258 artibus-

107 3286 237 3347 Steudinp
256 3285 357 3334 invidia
375 3277 467 3347 populi
486 3298 591 3347 quoque
610 3290 641 3333 ut
659 3285 720 3335 hist.
741 3287 940 3347 aun—Manli)
959 3302 1018 3351 pop.
1040 3296 1134 3351 poetae
1153 3305 1258 3355 quoque
1278 3299 1306 3342 et

105 3369 171 3419 hist.
186 3382 242 3418 aur.
253 3367 393 3417 -Vablen
404 3382 465 3430 pop.
480 3381 504 3429 q.
521 3368 612 3430 pronis
623 3381 679 3417 aur.
695 3373 726 3416 ut
741 3369 801 3418 hist.
815 3374 883 3417 uter.
894 3369 1084 3420 —Helmreieb
1101 3387 1161 3435 pop.
1176 3388 1200 3436 q.
1215 3376 1306 3437 pronis

106 3461 139 3502 ut
156 3451 218 3501 bist
234 3465 290 3501 sur.
304 3456 372 3500 uter.
383 3449 503 3510 -Wotff
518 3450 672 3513 populique,
685 3458 713 3500 et
729 3451 804 3502 histr.
814 3452 911 3501 -ΙοΙι,
927 3452 1030 3503 Miller.
1069 3456 1100 3504 7·
1111 3456 1183 3506 Ante
1200 3472 1254 3507 non
1272 3458 1305 3508 de

106 3536 195 3585 otiosa
207 3535 330 3584 lacunam
343 3534 397 3583 ind.
410 3533 563 3594 Heumann,
575 3533 627 3594 Np.
641 3534 713 3584 And.
725 3548 779 3584 non
793 3536 996 3599 [euim]—add.
1011 3537 1130 3588 Muretus
1142 3541 1227 3590 otiosa
1238 3555 1267 3591 re
1279 3547 1306 3592 et

106 3617 279 3683 quieta-D.
313 3617 344 3666 10
355 3616 598 3675 vocitant-Has,
615 3617 658 3666 Bs.
674 3618 872 3666 vocabant-e
884 3618 934 3666 Ms.
951 3619 993 3668 Pt.
1009 3623 1303 3684 vocant-Heumann,

106 3701 305 3764 Np.11m.l{l.
326 3700 378 3760 Ws.
394 3700 466 3749 And.
486 3699 769 3750 fomes—Acidaliae.
810 3703 858 3750 ll'i
874 3703 1125 3754 severitate-Pet.
1148 3707 1303 3774 (Pithoeus),

106 3786 151 3835 Pt.
167 3784 241 3834 Ana.
257 3783 312 3847 (Cf.
328 3783 363 3832 ad
375 3783 431 3832 An.
447 3782 485 3832 X.
500 3787 533 3852 4:
553 3796 632 3832 omne
650 3796 740 3832 meum
758 3784 914 3846 obsequium
933 3786 960 3834 in
980 3785 1054 3835 illum
1072 3787 1125 3837 luit
1142 3803 1203 3838 cum
1221 3791 1306 3841 multa

105 3867 261 3933 severitate)
294 3867 492 3915 servitute-a
522 3881 577 3915 non
606 3867 663 3915 sine
695 3868 1028 3919 servitute-Doederlein
1058 3870 1306 3924 lenitate-Peerl-

105 3953 188 4012 kamp
217 3949 555 3999 sanctitate-Boettcher
583 3950 740 3999 sanitate-
753 3950 833 3999 Orelli
864 3952 1121 4002 virtute-Wittict
1152 3957 1306 4006 veritate—

106 4035 212 4085 seem
225 4032 335 4098 (Noite),
350 4032 403 4093 Np.
420 4032 463 4082 Be.
478 4032 542 4082 Hm.
557 4032 606 4081 Ml.
621 4032 672 4092 Ws.
687 4034 962 4095 suavitate-Mittin
974 4038 1303 4102 reverentia-Peterson,

105 4117 156 4168 del.
178 4116 273 4166 ntae.
322 4117 351 4164 12
372 4115 635 4166 temerarius—BV.
684 4117 714 4165 14
740 4118 987 4179 accepturum)
1013 4121 1306 4183 accipimus-ABEV

105 4201 160 4251 Ma.
185 4198 356 4249 sanctissime
378 4197 576 4247 disc-Orelli
599 4200 781 4248 austerissima
804 4199 1019 4262 disc—Mdblp.
1070 4205 1101 4252 15
1123 4207 1305 4258 sanctissimae

105 4280 326 4347 lega-&tete
363 4279 542 4339 nec-aWs.
563 4277 789 4348 ne—D(?)edd.
812 4282 1045 4336 Macedonii-D.
1083 4288 1114 4336 16
1131 4302 1304 4351 personarum

103 4366 182 4416 —1).
211 4362 522 4414 ullius-Eillius-o.
552 4363 731 4414 18‘0ratores
742 4364 1012 4420 Athenienses'-B.
1040 4368 1072 4418 23
1091 4373 1305 4424 metus-Orelli
