3428 4912
808 356 838 408 0.
858 358 898 406 aa
1384 335 1451 402 307

255 530 304 604 66,
320 530 383 589 233
411 529 518 600 Quint.
535 532 566 589 X
582 531 611 603 1,
628 530 765 590 1011000
781 548 838 589 nos
853 548 916 587 non
940 527 972 587 id
995 535 1124 605 agentes
1148 526 1260 585 furtim
1282 527 1374 586 decor
1396 525 1452 585 ille

256 627 451 688 discentibus
480 629 618 689 traditus
648 636 857 707 prosequatur
899 629 929 701 3,
945 628 985 686 25
1011 627 1064 711 (cf.
1089 625 1234 700 Bonnell,
1259 626 1359 704 Les).
1413 626 1453 684 In

256 728 342 786 Tac:
365 728 423 804 Ag.
440 728 547 788 431110
563 728 650 787 aliud
665 746 761 804 agens
777 727 912 805 populus
929 727 991 786 and
1006 746 1031 786 c.
1048 727 1088 785 28
1104 735 1145 785 28.

298 827 317 887 6
340 827 395 888 ubi
412 829 545 889 minime
562 828 686 889 credas:
711 827 759 888 Of.
778 828 848 886 Sen.
865 828 922 903 Ep.
941 827 1046 899 100,7
1069 825 1124 884 ubi
1144 825 1273 884 minime
1294 830 1451 902 expectas.

256 927 424 987 -eminet
441 932 473 987 et
491 927 637 988 excellit:
669 926 735 985 The
751 945 837 985 same
852 926 956 984 words
972 945 1024 985 are
1041 924 1189 1003 grouped,
1205 925 1262 983 but
1278 924 1310 982 in
1330 923 1454 983 inverse

257 1026 348 1085 order
379 1029 445 1108 (see
471 1032 545 1085 note
571 1045 595 1086 c.
621 1025 688 1102 43)
716 1026 749 1083 10
776 1026 838 1086 Cic.
863 1026 901 1085 de
924 1044 988 1102 rep.
1007 1026 1042 1083 II
1065 1025 1116 1097 28,
1132 1025 1172 1084 50
1201 1023 1330 1083 excellit
1359 1028 1454 1101 atque

257 1125 375 1184 eminet
390 1124 439 1184 vis
470 1124 554 1184 Plin.
571 1127 648 1184 Pan.
665 1126 758 1185 21100
775 1125 874 1203 magis
896 1124 1024 1184 excellit
1046 1132 1142 1202 atque
1163 1124 1291 1183 eminet.
1337 1123 1456 1183 Seneca

258 1243 357 1283 seems
373 1224 522 1302 disposed
537 1230 571 1283 to
586 1225 668 1302 deny
684 1225 738 1284 the
754 1226 843 1284 truth
859 1225 894 1282 01
908 1225 973 1283 this
989 1229 1169 1283 statement.
1208 1223 1255 1284 cf.
1273 1224 1331 1300 Ep.
1348 1224 1398 1297 88,
1414 1225 1454 1282 36

258 1323 417 1382 ‘atenim
441 1323 579 1382 delectat
604 1324 720 1382 artium
746 1324 862 1382 notitia
887 1324 1077 1383 multarum!
1122 1325 1259 1383 Tantum
1284 1321 1392 1399 itaque
1416 1341 1455 1381 ex

258 1422 323 1482 illis
353 1423 557 1495 retineamus
588 1429 741 1500 quantum
770 1422 983 1482 necessarium
1012 1430 1060 1482 est
1162 1422 1233 1500 plus
1263 1423 1343 1481 scire
1372 1421 1455 1480 velle

260 1541 353 1600 quam
368 1522 412 1582 sit
427 1523 516 1596 satis,
533 1521 796 1599 intemperantiae
813 1541 910 1599 genus
926 1523 1150 1600 est—idque:
1171 1522 1220 1581 On
1235 1521 1341 1580 initial
1357 1521 1456 1599 ‘que,'

260 1643 310 1685 see
325 1631 400 1684 note
415 1644 440 1685 c.
457 1626 475 1684 6
494 1634 657 1685 0.-0011·
674 1662 680 1673 ·
696 1661 702 1673 ·
718 1625 827 1685 modo·
844 1662 849 1674 ·
866 1661 871 1673 ·
888 1630 933 1685 et:
956 1624 1005 1684 On
1020 1625 1184 1702 separated
1198 1624 1400 1695 'non-mod0,'
1412 1624 1455 1683 cf.

259 1730 331 1784 note
351 1744 376 1785 c.
393 1725 412 1782 2
430 1734 455 1785 o.

301 1826 319 1885 l'
342 1825 505 1902 legitime:
528 1824 715 1902 ‘properly'
760 1825 799 1882 In
822 1823 887 1883 this
910 1842 1011 1895 sense,
1027 1823 1082 1882 the
1098 1824 1185 1882 word
1208 1823 1234 1882 is
1257 1842 1400 1882 common
1422 1822 1457 1881 in

260 1923 314 1983 the
328 1923 425 1982 Elder
441 1923 546 2000 Pliny,
562 1923 620 1982 but
638 1922 827 2000 apparently
842 1928 898 1981 not
913 1921 1083 1981 elsewhere
1099 1942 1134 1981 so
1150 1922 1236 1995 used,
1252 1929 1364 1999 except
1379 1941 1457 1981 once

261 2022 293 2081 in
309 2023 377 2081 Iuv.
394 2022 462 2080 XII
480 2023 548 2081 100.

301 2122 320 2181 8
342 2139 399 2199 per
416 2138 523 2182 omnes
541 2122 741 2199 eloquentiae
758 2138 903 2182 numeror
922 2122 997 2181 isse:
1021 2120 1069 2180 On
1085 2121 1140 2179 the
1155 2139 1210 2179 use
1226 2121 1261 2179 01
1275 2121 1360 2198 ‘per'
1374 2121 1458 2180 after

261 2221 352 2281 verbs
375 2221 410 2279 01
432 2220 561 2294 0106100,
578 2220 656 2278 with
680 2240 719 2279 an
742 2239 803 2279 acc.
827 2221 862 2279 of
883 2225 1002 2292 extent,
1019 2238 1070 2278 see
1093 2226 1166 2278 note
1189 2239 1213 2278 c.
1232 2221 1272 2279 10
1286 2220 1458 2278 aa-The

262 2320 358 2398 figure
374 2339 475 2379 seems
491 2326 525 2379 60
539 2320 577 2379 be
593 2319 689 2379 taken
705 2320 786 2378 from
802 2319 856 2378 the
879 2318 1008 2395 fencing
1031 2319 1145 2377 school.
1191 2319 1239 2378 uf.
1256 2319 1362 2388 Quint.
1381 2320 1412 2378 X
1428 2319 1456 2393 1,

261 2421 280 2479 4
302 2421 358 2479 sed
380 2420 503 2479 athleta
525 2419 580 2497 qui
602 2438 709 2478 omnes
733 2418 795 2478 iam
818 2418 1024 2496 perdidicerit
1046 2437 1064 2477 a
1086 2424 1288 2495 praeceptore
1311 2437 1459 2478 numeros

262 2520 339 2579 with
355 2519 494 2596 lilayor’s
511 2519 575 2578 and
594 2519 774 2578 Peterson’s
796 2524 887 2576 notes
910 2519 948 2576 ad
972 2517 1080 2576 loc.—
1091 2522 1144 2577 116-
1161 2555 1167 2566 ·
1183 2554 1189 2565 ·
1205 2522 1259 2577 ut·
1275 2554 1281 2566 ·
1298 2555 1304 2568 ·
1319 2523 1355 2578 ut
1374 2518 1459 2578 deni·

263 2636 337 2698 que:
361 2619 409 2680 cf.
427 2619 482 2678 the
498 2618 658 2696 anaphora
674 2618 706 2676 in
721 2637 746 2677 c.
764 2620 803 2677 30
816 2628 848 2675 20
863 2619 903 2677 38
918 2628 947 2674 12
963 2616 1026 2676 and
1041 2623 1113 2675 note
1129 2636 1154 2675 c.
1172 2618 1190 2676 9
1208 2623 1459 2678 lit-oratorem

262 2737 302 2778 sc.
319 2738 399 2777 eum.
444 2718 511 2776 The
527 2718 678 2776 omission
697 2718 732 2776 of
752 2736 771 2776 a
792 2717 1040 2776 demonstrative
1063 2735 1206 2793 pronoun
1229 2717 1262 2775 in
1286 2716 1374 2776 these
1397 2718 1460 2776 and

263 2818 432 2893 analogous
447 2817 679 2877 constructione
695 2817 722 2875 is
739 2817 827 2894 quite
843 2816 1080 2875 characteristic
1093 2816 1128 2874 of
1143 2815 1281 2875 Tacitus
1328 2816 1376 2877 cf.
1393 2836 1419 2875 e.
1430 2837 1458 2893 g.

263 2916 319 2994 Ag.
334 2917 371 2975 11
389 2915 505 2993 positio
520 2915 599 2976 caeli
614 2916 797 2994 corporibus
814 2916 956 2975 habiturn
971 2915 1069 2998 (eum)
1085 2915 1173 2974 dedit
1203 2915 1245 2974 H.
1258 2916 1274 2973 I
1287 2917 1326 2975 12
1342 2916 1464 2975 scelera

263 3016 402 3076 exercuit
425 3020 578 3092 conrupta
594 3062 600 3075 .
618 3064 625 3076 .
642 3062 648 3074 .
666 3017 802 3088 Nerone,
825 3016 976 3091 quaedam
1001 3015 1111 3090 ignaro
1131 3015 1194 3097 (eo)
1212 3034 1307 3074 ausus
1343 3015 1425 3074 Ann.
1444 3016 1460 3073 Ι

262 3115 281 3174 5
301 3115 382 3176 talia
395 3115 590 3191 agitantibus
615 3115 683 3198 (iis)
707 3133 889 3191 gravescere
913 3114 1061 3172 valetudo
1084 3114 1221 3189 Augusti
1263 3114 1464 3174 1170101160

263 3214 361 3275 rideri
381 3214 624 3297 (0010001101ος
649 3215 800 3274 festinare
820 3214 918 3297 (eum)
936 3220 968 3272 et
983 3233 1093 3290 urgere
1112 3220 1148 3272 ut
1186 3214 1225 3272 82
1249 3213 1281 3271 in
1305 3221 1461 3273 extremas

264 3320 363 3375 terras
380 3315 553 3392 relegatum
571 3317 669 3398 (eum)
694 3317 741 3376 IV
754 3318 793 3376 60
809 3335 925 3392 gnarus
941 3316 1153 3393 praeferocem
1168 3317 1252 3397 (eum
1267 3318 1349 3398 csse)
1371 3316 1460 3376 XIII

264 3414 302 3472 27
318 3432 396 3491 quos
413 3457 420 3471 .
438 3460 444 3472 .
463 3462 469 3475 .
486 3433 549 3473 non
564 3414 712 3474 liberavit
730 3417 809 3494 (eos)
826 3415 913 3473 velut
928 3414 1054 3473 vinculo
1071 3414 1235 3474 servitutis
1251 3435 1313 3473 11011
1328 3414 1457 3473 06610011

264 3513 324 3573 XV
344 3514 384 3572 20
407 3514 445 3572 de
468 3533 521 3573 reo
543 3519 708 3573 censuerat
730 3514 893 3591 provincia
915 3515 1009 3574 Creta
1031 3513 1252 3591 depellendum
1270 3516 1353 3592 (eum
1374 3520 1456 3595 esse)

264 3613 326 3672 and
340 3631 364 3672 c.
382 3614 401 3672 5
419 3622 449 3670 10
467 3613 528 3694 (id)
545 3614 685 3672 studium
707 3633 768 3691 quo
800 3614 886 3672 1110
904 3615 984 3694 (eos)
1002 3620 1150 3686 01060100,
1167 3633 1245 3691 quos
1274 3615 1456 3693 31140100)

264 3710 430 3783 orationes,
447 3712 633 3789 quas-On
648 3712 702 3770 the
719 3731 737 3770 a
752 3711 878 3770 fortiori
892 3731 948 3770 use
964 3712 999 3770 of
1016 3712 1155 3785 ‘oraton’
1172 3713 1212 3771 cf.
1229 3717 1302 3770 note
1318 3730 1342 3770 c.
1361 3712 1415 3770 16.

359 3824 500 3874 Andresen
524 3824 573 3873 has
595 3823 677 3886 iustly
702 3825 861 3874 abandoned
888 3826 928 3874 his
952 3827 1124 3876 emendation
1150 3826 1263 3875 ‘alium'
1289 3827 1315 3875 in
1337 3827 1412 3889 piace
1432 3829 1464 3878 01

328 3906 443 3965 ‘alitem'
459 3907 501 3955 101
514 3906 699 3969 inconcinnity
712 3908 741 3956 01
753 3909 913 3957 0011010000
930 3909 956 3956 10
974 3909 1079 3958 Tacitus
1092 3910 1251 3958 constitutas
1265 3923 1300 3957 no
1316 3909 1461 3970 iustiliable

325 3989 430 4053 ground
443 3990 485 4038 101
497 3989 677 4051 condemning
689 4004 723 4038 an
737 3991 877 4039 otherwise
891 3991 1125 4052 unobjertionable
1139 3992 1251 4055 reading
1264 3993 1410 4054 supported
1424 3994 1462 4055 by

325 4075 371 4123 the
383 4075 545 4123 unanimous
558 4074 702 4136 testimony
715 4074 744 4122 01
760 4075 804 4123 the
820 4075 895 4124 MSS.

301 4176 340 4235 11
365 4177 462 4237 armis
482 4176 675 4236 instructus·
692 4211 697 4222 ·
715 4211 720 4223 ·
736 4173 859 4233 artibus
878 4177 1035 4234 armatus:
1068 4173 1159 4232 With
1185 4174 1239 4234 the
1266 4177 1461 4252 expression,

262 4275 301 4334 01.
319 4276 390 4336 Scn.
408 4276 464 4352 Ep.
484 4275 553 4342 109,
569 4274 588 4333 8
611 4271 765 4350 numquid
788 4271 961 4331 instructus
978 4273 1123 4331 omnibus
1140 4274 1232 4332 rebus
1249 4275 1409 4349 agricola.
1428 4324 1433 4335 .
1453 4325 1459 4335 .

262 4375 417 4455 numquid
431 4380 570 4434 armatus
586 4372 677 4432 miles
690 4377 843 4450 quantum
859 4372 892 4430 in
908 4372 1005 4432 aciem
1023 4372 1147 4432 exituro
1163 4374 1241 4433 satis
1257 4382 1305 4434 est
1318 4422 1323 4433 .
1338 4422 1343 4432 .
1360 4377 1460 4437 satis
