3428 4912
504 333 689 384 unrocus
712 335 762 382 us
786 333 1028 384 oanrorunus.
1320 319 1363 383 45

166 507 400 594 habebantque
424 509 529 593 ipsius
553 509 671 593 populi
691 507 990 572 diversissrmarum
1014 511 1146 572 aurium
1170 511 1298 595 copiam
1322 533 1364 575 ex

167 654 235 717 qua
250 632 348 698 facile
373 632 668 717 deprehenderent,
688 631 772 716 quid
795 633 831 695 in
855 654 990 716 quoque
1014 632 1069 698 vel
1092 633 1287 717 probaretur
1310 635 1365 700 vel

166 755 369 841 displiceret.
433 759 481 821 ita
511 779 573 821 nec
604 764 798 842 praeceptor
828 756 951 833 deerat,
985 758 1130 841 optimus
1162 758 1300 842 quidem
1331 768 1366 824 et

166 879 389 945 electissimus
414 882 473 966 qui
497 881 617 944 faciem
641 881 853 964 eloquentiae
875 902 942 944 non
966 881 1145 967 imaginem
1172 890 1363 965 praestaret,

167 1024 229 1068 nec
246 1003 426 1068 adversarii
443 1012 478 1068 et
492 1004 617 1068 aemuli
633 1003 731 1081 ferre,
748 1025 816 1068 non
833 1003 974 1068 rudibus
991 1004 1197 1080 dimicantes,
1215 1007 1261 1069 sic
1275 1006 1366 1069 audi·
1382 1019 1416 1069 20

167 1129 292 1192 torium
308 1151 439 1213 semper
454 1130 603 1213 plenum,
626 1127 774 1213 [semper
789 1133 933 1220 novum]
954 1151 996 1192 ex
1021 1128 1145 1193 invidis
1169 1137 1204 1194 et
1225 1129 1366 1194 faventi·

168 1251 240 1328 bus,
258 1261 299 1316 ut
320 1274 381 1317 neo
405 1252 489 1317 bene
513 1275 570 1316 uec
592 1254 673 1316 mole
697 1252 788 1316 dicta
812 1252 1112 1317 dissimularentur.
1160 1255 1252 1318 scitis
1276 1255 1365 1318 enim

167 1398 324 1462 magnam
340 1377 434 1440 illam
451 1385 485 1440 et
504 1376 697 1440 duraturam
722 1377 933 1461 eloquentiae
959 1376 1080 1439 famam
1103 1400 1171 1441 non
1195 1379 1306 1442 minus
1331 1380 1366 1442 in

168 1499 309 1566 diversis
333 1500 501 1565 subselliis
525 1503 632 1585 parari
657 1522 758 1585 quam
783 1501 818 1564 ia
841 1501 931 1576 suis3
957 1501 1034 1565 inde
1059 1503 1142 1586 quin
1167 1504 1268 1567 immo
1292 1525 1367 1567 oon·

167 1627 314 1689 stantius
342 1647 488 1712 surgere,
516 1625 561 1688 ibi
588 1624 721 1689 fidelius
747 1625 957 1689 corroborari.
1014 1634 1116 1711 atque
1144 1627 1277 1692 hercule
1303 1628 1367 1691 sub
1383 1645 1415 1694 25

168 1750 240 1813 eius
258 1749 348 1812 modi
364 1749 633 1834 praeceptoribus
657 1750 790 1814 iuvenis
814 1749 882 1824 ille,
908 1748 948 1813 de
973 1772 1041 1834 quo
1065 1751 1244 1835 loquimur,
1262 1759 1367 1816 orato

168 1895 243 1937 rum
273 1873 469 1958 discipulus,
495 1873 559 1936 fori
583 1873 726 1950 auditor,
752 1881 896 1937 sectator
921 1873 1130 1951 iudiciorum,
1156 1875 1307 1940 eruditus
1332 1884 1367 1940 et

168 1997 383 2062 adsuefactus
420 1999 538 2062 alienis
576 1999 814 2082 experimentis
847 1999 901 2061 eui
933 1998 1054 2063 cotidie
1086 1999 1236 2064 audienti
1267 2010 1365 2064 notae

169 2122 271 2207 leges,
289 2143 357 2186 non
374 2123 453 2185 novi
471 2120 621 2185 iudicum
641 2122 768 2196 vultus,
785 2121 945 2206 frequens
969 2123 1004 2184 in
1029 2123 1134 2186 oculis
1159 2124 1366 2187 consuetudo

168 2247 375 2320 contionum,
408 2267 505 2330 saepe
538 2247 691 2332 cognitae
724 2247 841 2330 populi
878 2268 983 2322 aures,
1016 2248 1086 2310 sive
1123 2249 1366 2312 accusationem
1383 2251 1416 2301 30

168 2379 362 2454 susceperat
384 2371 455 2434 sive
480 2369 718 2446 defensionem,
743 2370 835 2433 solus
859 2371 972 2434 statim
997 2378 1031 2434 et
1055 2392 1142 2435 unus
1166 2372 1365 2456 cuicumque

170 2516 289 2560 causae
305 2516 366 2579 par
381 2502 461 2559 erut.
510 2516 598 2559 nono
620 2494 749 2559 decimo
771 2497 889 2560 aetatis
912 2517 999 2559 anno
1019 2495 1056 2558 L.
1076 2495 1214 2560 Crassus
1232 2495 1270 2559 C.
1289 2495 1367 2560 Car·

170 2618 300 2695 bonem,
326 2639 394 2682 uno
419 2626 454 2683 et
477 2619 658 2682 vicensimo
684 2618 805 2683 Caesar
829 2618 1049 2694 Dolabellam,
1070 2620 1174 2683 altero
1199 2627 1234 2683 et
1257 2620 1368 2684 vicen·

171 2743 257 2807 simo
274 2741 414 2805 Asinius
431 2740 541 2804 Pollio
554 2740 592 2804 C.
610 2740 782 2814 Catonem,
800 2762 867 2802 non
884 2740 1029 2803 multum
1046 2749 1154 2806 aetate
1171 2743 1370 2807 antecedens

173 2865 300 2930 Calvus
322 2865 499 2929 Vatinium
523 2865 564 2928 iis
589 2863 794 2927 orationihus
816 2864 960 2927 insecuti
984 2873 1074 2940 sunt,
1095 2887 1177 2949 quas
1204 2866 1369 2950 hodieque
1387 2874 1419 2923 35

173 3012 250 3053 cum
266 2989 483 3052 admiratione
500 2989 654 3074 legimus.

173 3196 283 3260 populii
294 3194 322 3260 (d
332 3198 379 3261 est)
386 3195 542 3257 -Lipsius
567 3197 597 3244 17
608 3195 809 3258 quo-Meiser.
835 3196 866 3244 18
877 3194 920 3243 ille
930 3195 1037 3256 quidem
1044 3195 1216 3246 -Buetreus
1226 3199 1253 3246 ul
1262 3197 1295 3257 cs.
1303 3213 1371 3247 com-

173 3281 249 3329 ment.
260 3278 309 3340 3„‚
341 3280 372 3327 19
384 3277 582 3327 lectissimus—
590 3276 690 3326 Novit.
717 3278 868 3340 quisque—
877 3277 973 3326 Metser
985 3279 1083 3339 quique
1095 3279 1179 3327 aciem
1187 3308 1220 3316 -
1228 3280 1366 3329 Baehrens.

173 3363 205 3411 20
222 3361 446 3411 rudibus-corr.
464 3361 496 3410 P.
512 3360 595 3409 Faber
610 3360 787 3409 sudibus—o
803 3359 846 3423 (es.
862 3360 918 3409 Lis.
938 3364 981 3421 40,
1000 3364 1017 3408 9
1032 3360 1102 3426 Da).
1147 3361 1370 3412 sic—Michaelis

173 3445 286 3494 sed-v
304 3443 498 3503 nee-Haase,
518 3443 589 3492 editt.
610 3442 664 3492 rell.
701 3445 751 3492 21·
766 3457 872 3505 semper
889 3443 1131 3492 novum—inclusi
1148 3458 1253 3507 semper
1270 3460 1370 3495 novum

173 3541 278 3591 semper
298 3526 487 3590 plenum-C.
533 3526 648 3574 mixtum
668 3527 819 3576 ex-eoni.
844 3526 905 3575 olim
927 3525 1066 3576 Andresea
1086 3541 1195 3587 novum,
1218 3529 1369 3578 ex-idem

174 3610 352 3674 compositum
369 3609 587 3659 ex-Baatrens
604 3615 730 3659 constans
747 3610 933 3660 err-Novak.
970 3611 1002 3658 22
1020 3623 1069 3659 nee
1087 3610 1284 3662 breviter-C.
1321 3626 1370 3661 nec

175 3693 333 3744 male-bic
352 3694 401 3742 ins.
424 3692 558 3752 Pithoeus,
578 3692 634 3753 Np.
655 3693 718 3742 Hm.
737 3695 797 3753 post
815 3692 1029 3754 ut-Apricoic‚
1044 3693 1095 3742 Ms.
1110 3693 1152 3742 Pl.
1168 3708 1218 3743 nec
1236 3695 1303 3744 bene
1321 3710 1369 3745 neo

175 3776 423 3837 secus-Schopen,
439 3775 491 3835 Wf.
512 3789 561 3825 nee
575 3775 688 3842 [minus]
707 3776 881 3824 bene-add.
896 3775 1035 3826 Aadresen
1053 3790 1102 3826 nec
1119 3777 1145 3827 b.
1165 3776 1190 3825 d.
1206 3778 1368 3840 ignorarent,

176 3874 222 3910 nec
235 3860 306 3910 male
318 3859 343 3908 d.
359 3858 420 3907 diss.
430 3859 579 3920 -sauppe
593 3873 642 3908 nec
653 3859 679 3909 b.
694 3858 720 3909 d.
735 3858 762 3906 hi
775 3859 858 3921 ignor.
874 3872 923 3907 nec
942 3858 1011 3907 male
1023 3859 1048 3908 d.
1065 3858 1103 3908 illi
1115 3859 1177 3908 diss.
1188 3860 1366 3911 -Bcehrens

176 3943 477 3994 ‹insimularentur-B
495 3941 760 3991 dissimularent—a
777 3941 827 3989 Ms.
865 3942 897 3989 24
916 3941 1051 3990 in-add.
1073 3941 1219 4002 Andrmen,
1239 3943 1284 3994 Ba.
1304 3944 1367 3993 Hm.

176 4031 209 4077 26
223 4033 361 4077 oratorum
375 4064 381 4075 .
397 4064 403 4076 .
418 4029 454 4075 27
469 4026 628 4075 iudiciorum
643 4027 702 4086 post
716 4024 907 4086 experimentis
924 4024 1056 4072 collocarit
1071 4024 1188 4085 Classen,
1210 4025 1269 4074 incl.
1288 4027 1371 4076 Boet-

177 4127 242 4164 rens.
280 4112 503 4162 rainucii-1).
541 4111 591 4162 32·
607 4125 662 4160 uno
673 4116 701 4160 et
716 4111 879 4160 vicensimo.
896 4147 901 4159 .
918 4148 925 4161 .
961 4110 994 4159 33
1011 4110 1204 4159 tertio—corr.
1219 4109 1372 4171 Nipperdey

178 4195 344 4256 etPtchenc,
358 4194 409 4244 Ms.
425 4195 468 4244 Pt.
484 4195 528 4244 Bs.
544 4207 617 4243 nono
634 4193 739 4243 decimo
756 4200 808 4242 aet.
829 4207 872 4243 en.
895 4193 938 4257 [Q.
955 4192 1115 4242 Hortensius
1132 4191 1242 4242 Africae
1264 4206 1371 4242 causam

178 4279 308 4342 delendit]
328 4281 358 4328 L.
372 4279 401 4330 C.
412 4279 441 4329 C.
453 4277 482 4328 C.
498 4292 553 4328 uno
570 4284 598 4327 et
615 4278 748 4337 vicesimo,
763 4276 866 4327 altero.
883 4314 888 4326 .
905 4315 910 4326 .
927 4277 1067 4335 Catonem,
1086 4276 1185 4326 Caesar
1204 4276 1371 4326 Dolabellam

182 4367 269 4428 [tertio
286 4370 314 4414 et
331 4363 469 4424 vicesimo]
488 4361 656 4411 non-coni.
678 4360 701 4410 1.
722 4359 839 4422 Hiiberq.
876 4360 909 4409 35
927 4359 1208 4422 hodieque-CDEV
1226 4358 1277 4419 Ws.
1294 4359 1372 4408 hodie

181 4447 390 4512 quoque-AB.
