3428 4912
263 311 330 375 242
795 328 915 379 sorus

261 502 515 578 representation
529 522 571 562 on
586 502 640 563 the
662 508 736 581 part
751 503 786 561 of
807 503 902 579 Aper.
948 502 1006 562 See
1028 503 1164 564 Cicero’s
1181 523 1252 563 own
1274 511 1460 582 statement,

261 601 351 660 Brut.
368 602 417 674 93,
433 601 495 661 322
510 620 603 660 nemo
617 602 673 678 qui
688 602 729 660 ad
751 601 946 661 iracundiam
961 620 1075 678 magno
1090 621 1183 679 opere
1205 602 1352 678 iudicem,
1366 623 1459 665 nemo

159 745 160 748 ι
261 699 317 777 qui
339 700 380 760 ad
400 699 509 759 fletum
525 708 633 778 posset
647 701 810 774 adducere,
826 720 918 760 nemo
933 701 988 778 qui
1010 701 1151 760 animum
1169 702 1246 776 eius,
1262 704 1345 780 quod
1359 723 1459 764 unum

166 832 171 838 ·
261 805 311 859 est
326 799 460 858 oratoris
475 799 611 859 maxime
627 799 798 877 proprium,
815 818 1012 878 quocumque
1027 819 1078 860 res
1092 801 1278 878 postularet,
1294 802 1459 881 impellere

262 897 348 958 Orat.
364 899 415 973 37,
430 898 492 959 129
507 918 620 975 magno
635 918 759 977 semper
773 898 824 958 usi
847 899 978 977 impetu,
995 916 1088 977 saepe
1103 900 1300 960 adversarios
1316 902 1355 961 de
1370 908 1459 963 statu

261 997 347 1056 omni
361 997 532 1058 deiecimus
548 1044 554 1058 .
572 1043 579 1057 .
596 1043 603 1056 .
621 997 699 1076 quid
721 1017 777 1074 ego
799 998 838 1056 de
853 997 1109 1058 miserationibus
1131 998 1268 1076 loquar?
1290 1000 1406 1078 quibus
1421 1021 1459 1061 eo

261 1115 330 1156 sum
351 1115 427 1156 usus
450 1097 603 1174 pluribus,
619 1097 712 1175 quod,
728 1098 825 1157 etiam
847 1097 875 1157 si
899 1097 1004 1175 plures
1020 1097 1210 1172 dicebamus,
1226 1099 1459 1176 perorationem

261 1196 340 1255 mihi
363 1202 471 1256 tamen
493 1215 602 1256 omnes
626 1197 857 1274 relinquebant,
873 1196 906 1255 in
929 1216 991 1275 quo
1011 1203 1047 1257 ut
1066 1197 1192 1257 viderer
1214 1198 1370 1259 excellere
1393 1219 1458 1258 non

166 1319 168 1323 ·
261 1296 389 1373 ingenio
411 1297 467 1356 sed
490 1296 597 1356 dolore
621 1297 815 1374 adsequebar
839 1316 919 1374 quae
938 1341 944 1355 .
963 1341 969 1354 .
986 1342 993 1355 .
1013 1304 1167 1375 apparent
1193 1298 1227 1356 iu
1251 1299 1458 1374 oratIonibus,

261 1395 322 1454 etsi
344 1401 453 1456 carent
474 1395 549 1454 libri
572 1395 688 1473 spiritu
710 1394 767 1454 illo
788 1402 917 1474 propter
938 1414 1031 1473 quern
1046 1395 1167 1456 maiora
1181 1398 1291 1457 eadem
1312 1396 1370 1458 illa
1385 1416 1458 1458 cunr

261 1500 398 1571 aguntur
420 1513 587 1572 quaecum
609 1494 759 1571 leguntur
773 1494 875 1554 videri
898 1494 1002 1554 solent
1017 1541 1023 1554 .
1041 1541 1048 1554 .
1065 1541 1072 1554 .
1089 1495 1179 1555 nulla
1199 1514 1249 1555 me
1271 1497 1379 1573 ingeni
1400 1498 1458 1557 sed

261 1613 375 1671 magna
387 1594 437 1654 vis
453 1593 551 1654 animi
573 1593 758 1668 inflammat,
773 1600 811 1653 ut
825 1614 874 1653 me
893 1594 964 1671 'ipse
984 1613 1047 1654 non
1069 1601 1212 1670 teneam3
1235 1615 1293 1655 nec
1306 1616 1458 1674 umquam

260 1693 288 1752 is
318 1693 373 1771 qui
395 1693 494 1767 audit,
517 1693 739 1753 incenderetur
767 1692 830 1752 nisi
852 1695 965 1753 ardens
987 1695 1121 1753 adeum
1143 1695 1324 1772 perveniret
1344 1696 1456 1756 oratio.

260 1792 366 1863 Quint.
384 1794 416 1852 X
431 1793 459 1866 1,
476 1793 536 1853 107
552 1792 587 1852 of
608 1793 718 1853 Cicero
735 1798 783 1877 (as
799 1793 965 1870 compared
980 1793 1060 1852 with
1075 1793 1321 1874 Demosthenes)
1336 1795 1457 1856 salibus

260 1897 345 1952 certe
361 1899 394 1951 et
408 1892 690 1964 commiseratione,
707 1910 787 1970 quae
807 1892 869 1951 duo
891 1892 1061 1970 plurimum
1082 1892 1115 1951 in
1138 1892 1318 1953 adfectibus
1337 1894 1456 1970 valent,

259 1991 416 2051 vincimus
455 1990 539 2050 Plut.
554 1991 616 2052 Cic.
633 1993 653 2050 3
675 1994 730 2052 ὑπὸ
747 1991 777 2050 δί
791 1995 843 2051 τοῦ
865 1992 956 2071 λόγου
970 1991 1157 2070 σφοδρότητα
1172 1992 1218 2051 καὶ
1237 1993 1326 2057 πάθος
1342 1996 1458 2073 ἔχοντος

259 2092 301 2151 39
324 2094 340 2152 ὁ
355 2092 484 2169 Κικέρων
504 2094 654 2168 ὑπερφυῶς
677 2092 758 2150 ε’κίνει
773 2092 818 2149 καὶ
839 2093 1011 2168 προύβαινεν
1022 2095 1099 2170 adep*
1112 2092 1194 2152 πόθει
1216 2117 1248 2151 τε
1264 2094 1395 2156 ποικίλος
1411 2095 1458 2153 καὶ

259 2193 355 2271 χάριτι
371 2191 532 2267 θαυμαστὸς
555 2192 571 2250 ὅ
592 2188 682 2269 λόγος
699 2194 769 2271 (pro
792 2188 933 2266 Ligario)
949 2192 1060 2253 πολλὰς
1079 2192 1132 2265 μὲν
1145 2190 1213 2250 ἴέναι
1234 2189 1322 2269 χρόας
1344 2192 1391 2251 ἰπὶ
1404 2196 1458 2252 τοῦ

259 2292 417 2367 προσώπου
431 2293 482 2350 τὸν
496 2291 636 2367 Καίσαρα.

302 2389 341 2448 13
363 2390 458 2467 pauci
477 2405 585 2450 sensus
609 2393 682 2465 apte
697 2393 778 2447 etc:
805 2387 883 2446 This
909 2387 937 2447 is
962 2387 1030 2447 also
1054 2387 1146 2467 flatly
1171 2389 1388 2449 contradicted
1414 2390 1457 2469 by

260 2487 322 2548 Cio.
350 2487 435 2547 Orat.
461 2489 511 2562 50,
537 2487 597 2547 168
620 2504 706 2545 meae
725 2492 779 2571 (sc.
807 2486 979 2564 orationes)
1003 2487 1133 2564 quidem
1156 2493 1189 2546 et
1211 2488 1354 2566 perfecto
1377 2508 1459 2548 com·

259 2587 408 2665 pictoque
432 2586 600 2645 verborum
623 2585 745 2645 ambitu
768 2586 906 2662 gaudent
930 2591 963 2645 et
984 2592 1073 2645 curta
1097 2586 1240 2646 sentiunt
1264 2605 1323 2647 nee
1348 2594 1457 2647 emant

258 2685 477 2745 redundantia.
502 2685 579 2762 quid
594 2685 665 2744 dico
679 2687 790 2743 meas?
813 2684 1083 2770 contiones-saepe
1099 2685 1275 2745 exclamare
1292 2685 1368 2762 vidi,
1384 2706 1455 2747 cum

258 2794 329 2862 apte
344 2783 441 2844 verba
455 2784 652 2844 cecidissent.
677 2783 711 2843 id
725 2783 809 2842 enim
825 2789 994 2862 expectant
1008 2803 1109 2858 aures,
1121 2790 1158 2844 ut
1167 2784 1273 2844 verbis
1289 2783 1457 2862 colligetur

257 2884 425 2944 sententia.
450 2902 513 2943 non
529 2888 598 2943 erat
613 2882 671 2942 hoo
686 2883 770 2960 apud
785 2883 933 2961 antiquos
950 2882 983 2966 (i.
997 2902 1023 2942 e.
1040 2883 1096 2942 the
1111 2883 1234 2943 Roman
1250 2890 1372 2944 oratore
1389 2904 1457 2962 pre·

257 2983 371 3060 oeding
398 2982 520 3061 Cicero)
547 2983 616 3042 Sen.
636 2983 693 3060 Ep.
715 2983 785 3056 100,
809 2985 828 3043 7
850 2982 956 3042 omnia
978 2982 1063 3060 apud
1087 2982 1269 3043 Ciceronem
1294 2983 1455 3058 desinunt,

256 3083 341 3162 apud
355 3082 534 3142 Pollionem
546 3083 664 3141 cadunt
676 3082 816 3158 exceptIs
832 3081 1032 3159 paucissimis
1044 3101 1124 3159 quae
1139 3083 1179 3141 ad
1191 3087 1312 3142 certum
1326 3083 1456 3143 modum

257 3229 263 3242 .
291 3229 298 3242 .
326 3229 333 3243 .
357 3182 511 3242 adstricta
537 3188 620 3254 suut,
652 3181 705 3258 Cp.
724 3180 791 3240 also
807 3181 870 3241 Cio.
888 3181 973 3242 Orat.
990 3182 1040 3255 52,
1056 3183 1126 3241 174.
1150 3183 1286 3256 53,177.
1309 3183 1360 3256 57,
1383 3183 1453 3244 191.

257 3284 306 3357 70,
318 3282 379 3342 232
392 3282 414 3341 f.
439 3282 488 3355 71,
506 3281 577 3354 236,
594 3280 673 3339 with
690 3280 823 3358 Sandys'
839 3287 937 3340 notes.
948 3318 988 3327 -
1001 3298 1072 3342 eum
1094 3282 1230 3360 quodem
1254 3281 1378 3343 lumine
1394 3286 1456 3344 tor·

256 3384 437 3444 minentur:
460 3381 569 3441 Cicero
586 3380 769 3458 repeatedly
785 3380 912 3439 teaches
928 3380 1000 3439 that
1017 3400 1057 3440 an
1072 3387 1178 3440 orator
1198 3381 1312 3440 should
1333 3381 1454 3442 bestow

256 3488 345 3558 great
359 3500 430 3541 care
445 3499 531 3559 upon
547 3480 714 3540 rhetorical
731 3479 996 3539 embellishment.
1034 3479 1082 3541 Cf.
1099 3499 1125 3540 e.
1138 3500 1166 3557 g.
1183 3481 1222 3540 de
1237 3486 1315 3540 orat
1332 3481 1453 3555 11152,

255 3583 315 3641 201
338 3588 387 3642 est
403 3582 492 3659 quasi
508 3581 682 3640 luminibus
699 3581 924 3659 distinguenda
939 3586 971 3640 et
986 3581 1220 3658 frequentanda
1234 3582 1337 3642 omnis
1352 3582 1455 3643 oratio

255 3682 484 3741 sententiarum
501 3687 533 3741 et
548 3681 715 3741 verborum
738 3682 822 3742 Orat.
842 3684 891 3754 54,
909 3682 967 3741 181
981 3682 1003 3740 f.
1028 3682 1078 3755 25,
1094 3683 1143 3742 83.
1160 3683 1210 3755 39,
1227 3682 1320 3741 13ss.
1345 3682 1452 3752 Quint.

257 3782 305 3840 IX
320 3781 348 3855 1,
365 3782 414 3840 25.
431 3783 460 3855 4,
476 3784 524 3842 67.
557 3782 620 3842 But
644 3782 730 3842 what
753 3782 833 3841 with
848 3782 903 3841 the
919 3782 1007 3841 older
1022 3787 1143 3842 orators
1166 3782 1230 3842 had
1248 3782 1328 3841 been
1343 3782 1420 3861 only
1435 3801 1455 3843 a

255 3899 363 3939 means
378 3887 412 3940 to
427 3900 468 3941 an
482 3883 553 3953 end,
570 3882 632 3941 had
648 3882 681 3940 in
697 3882 752 3942 the
771 3881 930 3960 speaker’s
953 3882 1015 3960 day
1029 3882 1156 3942 become
1171 3900 1212 3941 an
1226 3882 1289 3941 end
1303 3881 1338 3940 in
1352 3881 1451 3943 itself.

256 3981 314 4040 See
340 3981 409 4040 Seu.
435 3982 491 4060 Ep.
518 3983 587 4054 100,
608 3982 627 4041 8
650 3982 739 4040 deest
765 3981 830 4040 illis
857 3981 1012 4041 oratorius
1038 3980 1127 4056 vigor
1152 3979 1347 4058 stimulique,
1374 4000 1454 4059 quos

255 4081 380 4160 quaeris
397 4089 429 4140 et
445 4080 542 4141 subiti
558 4081 639 4141 ictus
656 4080 886 4140 sententiarum
922 4080 1028 4150 Quint.
1045 4080 1129 4139 VIII
1145 4080 1174 4153 5,
1190 4080 1218 4138 2.
1236 4080 1275 4140 13
1298 4080 1355 4140 sed
1369 4100 1452 4141 nunc

255 4180 344 4241 aliud
358 4180 479 4252 volunt,
495 4186 532 4239 ut
553 4197 662 4239 omnes
685 4198 795 4238 sensus
818 4179 852 4237 in
872 4178 933 4237 fine
949 4178 1103 4238 sermonis
1118 4178 1215 4238 feriat
1229 4196 1338 4237 aurem
1366 4180 1397 4248 4,
1413 4180 1453 4240 32

256 4299 354 4359 quare
374 4278 451 4340 licet
472 4279 549 4339 haec
572 4284 604 4338 et
626 4278 727 4338 nitere
747 4284 780 4338 et
795 4277 995 4355 aliquatenus
1010 4283 1136 4337 exstare
1150 4275 1330 4350 videantur,
1345 4283 1453 4337 tamen
