3428 4912
257 308 299 374 74
792 326 916 378 norae.

257 506 418 562 maturare
435 502 566 563 festino:
596 500 674 560 This
695 501 809 578 phrase
829 499 857 559 is
878 497 1040 578 generally
1059 499 1213 577 regarded
1233 517 1268 560 as
1289 498 1457 577 tautologi-

256 599 314 673 cel,
337 600 403 674 but,
426 600 580 676 although
602 600 724 660 similar
745 599 905 678 examples
927 618 980 660 ara
1002 618 1080 677 very
1101 617 1270 659 numerous
1293 603 1358 682 (see
1380 605 1456 659 note

256 705 290 759 10
310 718 334 758 c.
353 700 390 758 11
409 708 425 757 8
445 699 568 776 ingredi
587 700 768 778 auspicatus
788 699 883 778 sum),
899 699 926 758 it
945 699 973 759 is
992 699 1035 777 by
1055 718 1096 759 no
1116 717 1224 758 means
1244 697 1365 759 certain
1383 698 1457 759 thet

256 798 322 858 this
344 799 371 857 is
394 817 452 858 one
477 799 513 859 01
536 798 633 859 them.
678 801 841 859 Maturare
863 817 935 877 may
956 798 995 858 be
1017 797 1146 877 equally
1167 797 1240 857 well
1261 798 1457 859 understood

257 898 289 956 in
317 899 358 957 its
384 897 519 975 original
543 898 691 976 meaning
716 899 751 959 of
776 898 942 975 ‘bringing
965 904 1000 958 to
1028 897 1229 976 completion,
1255 897 1455 975 perfecting!

257 998 312 1075 Cp.
329 1017 354 1056 e.
372 1018 400 1074 g.
416 1017 442 1058 c.
458 999 498 1058 26
515 1007 532 1056 3
547 999 714 1058 maturitas
731 998 836 1059 Crassi
852 997 1047 1075 ‘perfection
1062 998 1097 1056 ot
1111 997 1155 1059 (l'
1199 997 1242 1056 H.
1259 996 1275 1055 1
1296 997 1337 1056 12
1355 1002 1457 1056 matu·

257 1098 340 1156 ravit
355 1117 393 1157 ea
407 1116 456 1156 res
471 1098 639 1157 consilium
655 1098 782 1159 Galbae.
827 1098 934 1168 Quint.
951 1098 998 1158 VI
1013 1116 1149 1175 prooem.
1169 1097 1209 1156 10
1229 1095 1362 1157 celerius
1377 1096 1457 1157 occi·

257 1197 329 1256 dere
356 1197 541 1257 festinatam
567 1198 791 1270 maturitatem,
817 1197 852 1256 Il
877 1199 906 1270 4,
931 1199 951 1259 9
975 1216 1016 1257 no
1041 1196 1208 1257 maturitas
1232 1196 1360 1274 quidem
1385 1196 1458 1274 ipsa

257 1296 398 1355 festinet.
444 1297 485 1356 So
500 1303 684 1371 maturescO,
701 1297 776 1357 ibid.
798 1298 855 1375 Ep.
877 1297 918 1356 ad
932 1296 1050 1375 Tryph
1068 1297 1086 1355 1
1105 1296 1174 1374 ipse
1194 1314 1247 1356 eos
1264 1301 1320 1379 (sc.
1341 1294 1455 1375 libros)

257 1396 397 1455 nondum
422 1396 573 1474 opinabar
599 1397 677 1456 satis
704 1396 894 1456 maturuisse
925 1442 932 1455 .
960 1441 967 1455 .
995 1441 1002 1455 .
1028 1415 1068 1455 ne
1094 1395 1321 1474 praecipitetur
1346 1395 1455 1456 editio.

257 1495 443 1554 Translate:
466 1495 500 1554 Ἰ
515 1495 628 1555 hasten
643 1502 676 1555 to
696 1503 755 1573 put
774 1496 829 1555 the
850 1495 1002 1573 finishing
1020 1494 1150 1555 touches
1168 1501 1202 1555 10
1217 1514 1271 1574 my
1285 1494 1407 1555 edition
1421 1495 1458 1555 01

257 1598 311 1656 the
332 1599 481 1676 tragedy'
503 1597 522 1656 i.
544 1617 569 1658 e.
586 1598 680 1675 bring
699 1598 724 1658 it
743 1604 777 1657 to
797 1598 989 1676 completior
1008 1598 1059 1657 ior
1073 1597 1455 1676 publication—editio:

258 1697 337 1756 Like
361 1716 418 1756 our
441 1697 600 1772 ‘edition'
624 1698 743 1762 ἔκδυσις.
795 1698 835 1756 In
857 1697 922 1757 this
946 1703 1090 1758 concreta
1115 1716 1215 1771 sense,
1238 1697 1294 1757 the
1317 1696 1406 1756 word
1427 1695 1456 1757 is

258 1815 400 1856 common
420 1796 454 1854 in
473 1795 538 1856 late
559 1797 664 1870 Latin,
684 1798 742 1856 but
760 1796 936 1874 extremely
955 1815 1024 1857 rare
1042 1797 1077 1856 in
1096 1797 1210 1856 earlier
1227 1795 1360 1855 writers.
1405 1795 1455 1857 cf.

258 1896 364 1966 Quint.
388 1895 454 1955 VII
477 1898 528 1968 41,
551 1898 592 1956 40
616 1897 672 1974 qui
697 1901 752 1979 (sc.
779 1915 889 1956 versus
913 1896 1059 1975 Homeri)
1084 1901 1191 1956 tamen
1216 1895 1285 1973 ipse
1310 1895 1345 1954 in
1370 1894 1457 1955 omni

258 1996 396 2056 editione
412 1995 569 2073 reperitur
584 1997 652 2055 XII
668 1997 717 2069 10,
733 1997 774 2056 55
789 1996 888 2056 editio
902 1995 1031 2056 habebit
1048 1996 1162 2055 omnia

301 2097 339 2155 13
356 2113 445 2157 cura:
475 2095 526 2173 By
540 2114 559 2155 a
573 2095 652 2155 kind
666 2096 702 2155 of
719 2102 900 2173 metonymy
915 2096 966 2155 for
980 2095 1111 2173 literary
1125 2094 1335 2173 composition
1350 2113 1458 2171 gener·

258 2194 333 2273 ally,
349 2196 423 2255 here
437 2195 493 2255 the
509 2195 659 2273 ‘tragedy
674 2196 772 2256 Cato!
817 2195 895 2254 This
909 2214 1006 2272 usage
1022 2195 1049 2255 is
1064 2195 1168 2273 poetic
1187 2195 1250 2255 and
1267 2194 1457 2273 apparently

258 2301 313 2354 not
329 2295 429 2354 found
444 2294 478 2353 in
493 2295 588 2354 Latin
603 2314 695 2373 prose
711 2300 823 2371 except
845 2295 879 2353 in
899 2294 1035 2354 Tacitus.
1081 2295 1129 2356 cf.
1152 2314 1177 2353 c.
1201 2296 1220 2355 6
1242 2304 1275 2352 22
1297 2300 1457 2354 recentem

259 2414 366 2455 curam
387 2397 427 2455 28
439 2406 472 2453 20
487 2396 594 2455 studia
608 2415 760 2474 curasque
782 2395 984 2455 Ann11124
999 2395 1027 2453 si
1040 2439 1046 2453 .
1060 2439 1066 2453 .
1081 2393 1188 2471 plures
1201 2394 1241 2454 ad
1251 2412 1342 2454 curas
1354 2394 1456 2453 vitam

259 2491 443 2568 produxero.
489 2493 745 2570 1V11qu01n1n
769 2493 802 2550 in
821 2512 931 2551 manus
952 2511 1027 2552 cura
1044 2499 1153 2552 nostra
1166 2493 1298 2553 venerit.
1343 2493 1400 2555 Or.
1416 2512 1458 2552 ex

259 2591 361 2651 Ponto
381 2592 517 2663 114,16
539 2591 598 2650 hoc
619 2592 757 2669 pretium
779 2610 871 2652 curae
893 2591 984 2652 dulce
1007 2592 1144 2669 regentis
1166 2599 1243 2653 erat.
1288 2593 1336 2653 IV
1350 2593 1400 2665 16,
1415 2594 1458 2653 39

259 2691 343 2768 quod
365 2691 486 2750 inedita
507 2709 582 2750 cura
602 2698 659 2751 est.
705 2692 798 2751 Mart.
822 2692 928 2763 1101,
950 2693 969 2751 5
992 2693 1124 2752 condere
1146 2692 1284 2752 victuras
1303 2697 1458 2770 temptem

259 2809 315 2867 per
334 2789 459 2850 saecula
472 2808 571 2850 curas.
581 2792 865 2868 —cogitationi=
876 2790 1018 2861 consilio,
1034 2810 1053 2850 a
1072 2792 1220 2868 meaning
1233 2791 1301 2851 also
1316 2791 1459 2869 peculiar

259 2895 292 2948 to
308 2889 445 2948 Tacitus.
490 2889 538 2950 Cf.
555 2908 579 2948 c.
597 2891 635 2948 21
651 2900 680 2947 tl
705 2890 762 2967 Ag.
780 2892 819 2950 30
841 2891 882 2948 Η.
900 2891 1078 2950 1271174
1099 2890 1181 2949 Ann.
1198 2891 1260 2950 XV
1279 2892 1458 2953 let-toto

259 2994 400 3066 pectore:
431 2989 479 3049 cf.
498 2989 583 3047 Serv.
601 2989 640 3047 ad
656 2990 748 3065 Verg.
766 2989 843 3047 Aen.
865 2990 914 3048 IX
930 2990 991 3048 214
1011 2995 1059 3049 est
1074 2990 1112 3049 de
1128 2983 1302 3067 proverbio.
1347 2989 1459 3051 Cicero

259 3088 297 3147 de
317 3087 376 3165 leg.
395 3088 426 3170 (I
446 3088 495 3161 18,
513 3088 567 3166 40)
584 3088 662 3146 ‘nisi
682 3094 750 3147 toto
770 3095 896 3166 pectore
916 3095 1049 3163 amatur,
1069 3095 1106 3148 ut
1126 3089 1259 3149 dicitur'
1279 3108 1350 3149 cum
1371 3089 1457 3149 enim

259 3187 337 3246 dicit
359 3187 413 3247 ‘ut
434 3187 566 3247 dicitur'
589 3188 728 3246 ostendit
750 3188 953 3265 proverbiale.
999 3189 1031 3247 It
1046 3206 1153 3248 occurs
1169 3188 1263 3264 again
1277 3187 1312 3247 in
1326 3207 1352 3249 c.
1368 3189 1410 3249 28
1424 3200 1458 3248 16

259 3288 351 3361 Ouid,
367 3288 451 3346 Fast.
465 3287 512 3346 VI
526 3289 588 3347 464
603 3306 642 3346 ex
653 3288 744 3346 Pont.
760 3288 813 3345 III
830 3289 857 3353 1,
871 3289 911 3347 39
927 3288 998 3347 Seu.
1012 3288 1069 3364 Ep.
1083 3290 1112 3362 3,
1129 3288 1148 3345 2
1163 3289 1226 3348 and
1241 3288 1268 3348 is
1283 3288 1459 3368 especially

258 3387 407 3464 frequent
432 3387 465 3444 in
488 3387 605 3447 Cicero,
661 3386 718 3445 See
742 3387 826 3453 Otto,
850 3387 911 3445 Die
936 3386 1157 3463 Spachwdrtcr
1177 3397 1229 3447 eto.
1256 3389 1310 3446 der
1330 3388 1457 3462 Bdmer,

259 3485 390 3564 Leipzig
405 3487 485 3546 1800
501 3506 531 3563 p.
546 3487 617 3545 210.

301 3587 339 3644 14
362 3587 543 3646 incumbam
564 3585 643 3643 with
665 3585 729 3644 dat.
753 3604 853 3644 seems
875 3592 909 3644 to
931 3604 1023 3645 occur
1042 3585 1111 3645 first
1135 3586 1168 3644 in
1189 3586 1283 3646 Rhet.
1306 3586 1355 3646 ad
1377 3588 1457 3648 Her.

258 3685 516 3759 111.18gladio
539 3685 727 3744 incumbere.
772 3685 880 3745 Cicero
902 3704 974 3744 uses
996 3686 1088 3744 inor
1110 3687 1153 3744 ud
1172 3705 1197 3745 e.
1222 3706 1249 3762 g.
1273 3686 1312 3745 de
1334 3686 1457 3747 invent.

258 3785 292 3844 II
309 3786 359 3856 51,
376 3785 485 3842 16410
500 3784 640 3860 gladium
656 3783 840 3842 incubuerat
861 3785 918 3861 Ep.
933 3785 973 3844 ad
988 3785 1107 3845 fa1n.X
1128 3787 1177 3858 10,
1193 3786 1212 3843 2
1228 3785 1373 3845 incumbe
1387 3792 1458 3846 toto

258 3891 383 3962 pectore
404 3884 444 3942 ad
463 3884 596 3943 laudern.
642 3884 673 3941 It
694 3883 721 3941 is
743 3903 885 3942 cornrnon
905 3883 938 3941 in
958 3883 1062 3942 Silvcr
1078 3884 1172 3943 Latin
1189 3885 1252 3944 and
1271 3885 1326 3944 the
1341 3884 1459 3945 invari-

258 3983 328 4041 able
344 3983 411 4041 rulc
428 3983 460 4040 in
476 3984 612 4041 'seruitus
648 3983 697 4043 Cf.
714 3983 780 4041 also
796 3983 902 4053 Quint.
915 3984 965 4041 IX
976 3984 1036 4056 3,1
1053 3983 1080 4042 si
1095 3984 1262 4061 antiquum
1277 4002 1458 4045 sermonem

258 4089 366 4140 nostro
381 4101 606 4158 comparemus,
619 4101 718 4159 praeire
734 4082 796 4140 iarn
811 4081 966 4159 quidquid
980 4082 1139 4158 loquimur
1151 4082 1251 4159 figura
1265 4088 1366 4143 estut
1380 4082 1458 4146 ‘hac

259 4201 291 4239 re
307 4181 469 4253 invidere,'
485 4187 731 4253 non‚ut01nnes
747 4188 869 4240 soter-os
886 4187 917 4239 et
933 4181 1042 4241 Cicero
1060 4180 1237 4259 praecipue,
1254 4181 1353 4242 ‘banc
1368 4184 1457 4259 rem,'

258 4285 290 4339 et
306 4279 504 4339 ‘incumbere
520 4279 589 4354 illi‚’
606 4298 666 4338 non
683 4280 735 4337 ‘in
751 4280 860 4338 illum'
877 4286 909 4338 et
924 4279 1069 4356 ‘plenum
1086 4281 1175 4339 vino'
1192 4300 1255 4339 non
1269 4280 1373 4340 ‘vini'
