3428 4912
484 289 669 340 ammaus
693 290 742 339 ns
767 287 1007 340 osmomnus
1300 273 1342 338 21

149 488 250 566 atque
270 481 369 545 illum
387 479 512 545 Galbae
530 488 565 546 et
581 480 726 545 Othonis
743 488 778 545 et
793 479 928 544 Vitellii
950 480 1090 566 longum
1112 489 1147 545 et
1168 502 1275 545 unum
1290 503 1346 546 an·

148 627 239 682 num,
267 626 305 670 ac
330 612 460 670 sextam
484 607 551 669 iam
575 605 684 669 felicis
712 605 813 669 huius
838 606 1044 689 principatus
1072 606 1250 671 stationem
1277 628 1346 692 quo

148 729 376 814 Vespasianus
401 751 470 794 rem
495 729 664 814 publicam
689 729 795 794 fovet.
831 736 968 794 centum
993 740 1027 794 et
1052 730 1175 816 viginti
1201 732 1279 794 anni
1305 732 1347 795 ab
1365 747 1396 795 15

147 855 289 918 interitu
318 853 488 918 Ciceronis
520 855 557 917 in
587 854 678 918 hunc
706 853 795 918 diem
822 854 1040 939 colliguntur,
1069 856 1170 919 unius
1201 855 1346 920 hominis

147 987 247 1042 aetas.
296 999 374 1041 nam
390 980 460 1063 ipse
478 1001 540 1065 ego
560 979 597 1041 in
613 978 789 1043 Britannia
810 977 879 1043 vidi
901 1000 1024 1055 senem,
1043 980 1102 1063 qui
1126 1001 1161 1043 se
1185 979 1347 1044 fateretur

145 1105 176 1167 ei
192 1124 328 1189 pugnae
345 1102 538 1167 interfuisse
552 1123 620 1187 qua
633 1101 809 1167 Caesarem
826 1101 1027 1166 inferentem
1043 1083 1134 1165 arma
1146 1100 1342 1166 Britanniae

145 1245 256 1287 arcere
278 1221 432 1286 litoribus
454 1229 489 1286 et
509 1222 633 1306 pellere
650 1221 797 1308 adgressi
816 1229 906 1286 sunt.
955 1223 1002 1285 ita
1017 1223 1046 1285 si
1062 1244 1150 1299 eum,
1168 1225 1228 1307 qui
1244 1245 1346 1287 arma·

145 1356 202 1410 tus
219 1347 258 1412 C.
277 1346 411 1411 Cassan
428 1347 562 1423 restitit,
580 1346 635 1410 vel
652 1347 829 1430 captivitas
846 1346 900 1410 vel
917 1345 1073 1411 voluntas
1089 1347 1144 1411 vel
1163 1347 1272 1412 fatum
1288 1348 1346 1411 ali·
1361 1361 1395 1410 20

148 1471 240 1556 quod
260 1472 297 1534 in
319 1471 435 1535 urbem
456 1471 682 1555 pertraxisset
698 1491 803 1555 aeque
825 1469 914 1534 idem
936 1478 971 1534 et
987 1469 1161 1536 Caesarem
1182 1473 1292 1556 ipsum
1311 1482 1346 1538 et

149 1595 345 1660 Ciceronem
361 1594 477 1659 audire
493 1596 607 1680 potuit
623 1602 658 1659 et
673 1595 794 1658 nostris
811 1616 945 1678 quoque
968 1595 1153 1660 actionibus
1174 1597 1344 1662 interesse.

146 1721 300 1805 proximo
322 1718 459 1804 quidem
481 1720 651 1806 congiario
669 1720 732 1803 ipsi
750 1718 881 1783 vidistis
897 1719 1072 1804 plerosque
1088 1741 1184 1786 senes
1200 1723 1259 1806 qui
1275 1744 1310 1787 se
1327 1745 1346 1787 a

150 1844 238 1908 Divo
255 1865 390 1929 quoque
403 1844 564 1931 Augusto
580 1843 683 1908 semel
693 1851 800 1928 ,atque
818 1845 941 1908 iterum
957 1845 1120 1928 accepisse
1138 1847 1346 1933 congiarium

149 1968 335 2034 narrabant.
383 1990 425 2033 ex
451 1989 519 2053 quo
543 1968 657 2054 colligi
680 1975 792 2052 potest
815 1975 851 2032 et
872 1967 1057 2032 Corvinum
1079 1969 1204 2034 abillis
1220 1972 1395 2038 amsi-ao

150 2095 243 2157 nium
259 2093 369 2157 audiri
382 2093 545 2178 potuisse;
572 2092 667 2178 [nam
680 2091 847 2156 Corvinus
863 2094 899 2155 in
915 2092 1062 2157 medium
1075 2116 1181 2178 usque
1193 2096 1345 2182 Augusti

149 2219 384 2302 principatum,
401 2217 543 2281 Asinius
562 2238 666 2301 paene
682 2215 727 2280 ad
742 2225 929 2280 extremum
946 2216 1108 2309 duravit]
1129 2240 1170 2283 ne
1187 2218 1345 2285 dividatis

148 2343 320 2407 saeculum
342 2349 378 2407 et
397 2342 554 2426 antiquos
576 2362 614 2406 ac
636 2349 765 2406 veteres
787 2343 941 2406 vocitetis
963 2350 1107 2407 oratores
1123 2365 1208 2428 quos
1229 2366 1347 2409 eorun-

149 2467 225 2532 dem
241 2467 415 2531 hominum
428 2487 524 2531 aures
540 2465 742 2552 adgnoscere
758 2486 796 2530 ac
809 2466 905 2531 velut
920 2467 1123 2553 coniungere
1139 2478 1174 2532 et
1189 2469 1345 2553 copulare

147 2599 342 2677 potuerunt.
1362 2618 1396 2669 30

148 2800 199 2848 BV
223 2799 308 2862 ipsum
318 2799 388 2849 ΕΗΔ
412 2799 591 2848 istum-AB
615 2797 666 2847 Ma.
713 2811 799 2847 unum
822 2803 850 2848 et
871 2797 1162 2862 longum-Bactros
1187 2799 1296 2864 longum
1319 2806 1348 2850 et

147 2881 288 2930 durum-
298 2881 469 2933 Cmdassen.
508 2883 555 2930 14·
566 2895 614 2930 sex
626 2881 689 2940 iam,
703 2880 896 2930 tam-Schclc
912 2895 960 2930 sex
972 2882 1183 2944 iam-Spesapel
1197 2883 1278 2932 VllII
1289 2889 1346 2933 tam

147 2993 181 3003 -
188 2964 296 3025 Sauppe
306 2969 427 3014 secutam
439 2964 676 3026 iam—Sebastiam
688 2965 870 3027 septimam—
880 2964 983 3014 Urlichs
994 2978 1139 3014 sexennem
1152 2966 1244 3016 iam-
1251 2967 1347 3017 Meiscr

149 3047 203 3095 VII
227 3048 395 3098 iam—coni.
418 3047 556 3097 Michaelis
579 3051 685 3096 sextum
705 3047 783 3098 iam.
805 3084 811 3098 .
832 3085 838 3097 .
862 3045 1050 3114 [principatus]
1070 3049 1347 3111 stationis-scripsit

148 3130 289 3180 Bostram.
325 3135 430 3180 sextam
448 3129 686 3179 iam-delatam
703 3130 804 3179 censuit
821 3128 960 3179 Andrescn
978 3130 1024 3194 (ad
1050 3130 1133 3192 Nipp.
1155 3131 1250 3181 Anast-
1265 3147 1293 3194 p.
1308 3135 1343 3199 7).

148 3214 360 3277 quo-Statim,
381 3211 584 3278 (WeIsscnbom)
606 3212 670 3261 Hm.
690 3212 741 3272 Ws.
765 3226 892 3275 qua-a.
931 3214 961 3262 15
979 3219 1088 3263 centum
1109 3219 1137 3263 et
1156 3215 1346 3278 viginti-OD

149 3301 259 3344 centum
271 3299 299 3343 et
310 3293 477 3343 decem-o.
511 3292 542 3341 16
554 3291 582 3341 id
593 3297 635 3341 est
645 3292 899 3353 unius-scimea,
914 3291 1026 3341 fortasse
1039 3295 1118 3341 recte.
1151 3292 1199 3340 17·
1211 3291 1348 3342 fatebatur

148 3376 285 3426 -CEVA
309 3375 353 3424 Ba.
400 3375 431 3424 18
457 3375 588 3424 el-EV
612 3379 721 3423 et-o.
766 3374 1072 3433 ⁴*Britanni-Ernesti,
1097 3373 1161 3423 Hm.
1193 3373 1244 3433 Ws.
1270 3374 1343 3424 And.

149 3457 374 3508 Britannis-ed.
395 3456 502 3518 Bipoat.
522 3456 577 3518 Np.
598 3456 647 3506 ssi.
685 3457 811 3506 Britanni
834 3456 1048 3506 et-Bactrens.
1086 3457 1118 3505 20
1141 3459 1343 3507 essent-cosi.

151 3541 254 3594 Vahlen
284 3554 327 3601 op.
354 3539 440 3589 Biade
459 3554 488 3601 p.
515 3542 555 3589 12.
604 3538 892 3602 itaque-Baehrens.
941 3540 991 3588 21·
1019 3553 1103 3602 aeque
1126 3538 1347 3590 idem-Nissen

151 3625 284 3691 (Spenpel)
304 3622 355 3672 Ma.
370 3622 425 3683 Np.
444 3622 488 3671 Pl.
507 3621 571 3671 Hm.
592 3621 641 3671 Ml.
662 3621 712 3681 Wf.
732 3622 805 3671 And.
843 3627 870 3672 et
887 3622 1062 3685 quidem-o
1085 3621 1347 3673 idem-Rhenanus

149 3725 210 3761 ecce
228 3710 300 3760 idem
310 3737 344 3746 —
352 3706 485 3769 Staadiap.
531 3711 559 3755 et
579 3705 608 3756 C.
630 3705 737 3768 quidem
745 3706 890 3767 -Meiser‚
911 3707 954 3756 Ba.
977 3706 999 3756 ia
1016 3706 1124 3769 quidem
1136 3735 1170 3744 —
1181 3705 1283 3757 Vahlen
1300 3720 1343 3768 ap.

150 3795 236 3846 Binda
251 3810 280 3857 p.
302 3798 343 3845 32.
380 3800 503 3844 et-om.
524 3793 556 3842 B.
577 3792 673 3854 ecquid
691 3791 887 3841 idem-Iohn.
924 3792 956 3840 24
975 3790 1176 3853 quoque—del.
1196 3789 1343 3841 Andrcscn.

150 3877 589 3945 26¹[nam-duravlt1inelasi.
629 3875 762 3925 Asinius.
783 3913 790 3926 .
810 3874 1089 3936 corviam—traam.
1127 3873 1261 3936 Borghesi,
1288 3874 1343 3924 edd.

151 3970 302 4013 extremum
317 3976 368 4024 pro
386 3960 618 4011 medium-coni.
640 3958 802 4020 Nipperdey,
820 3957 873 4006 Nlc.
910 3957 942 4006 27
963 3957 1076 4023 [ltaque]
1095 3957 1237 4007 ne-add.
1258 3956 1347 4006 Deitcr

151 4060 185 4097 ne
207 4043 489 4110 igitur-Boettcher.
531 4043 565 4092 28
582 4056 613 4093 ac
631 4041 933 4100 recentes—Eckstein,
953 4039 1004 4089 Me.
1024 4039 1079 4100 Np.
1099 4039 1143 4088 Pi.
1186 4039 1348 4089 vocitetis-

152 4129 222 4179 CDA
240 4128 284 4179 Bs.
300 4127 365 4178 Hm.
380 4127 427 4176 Ml.
443 4125 700 4176 vocetls-ABEV.
