3450 4912
826 313 855 364 0.
875 312 900 362 0.
1387 294 1452 360 121

142 501 152 509 ·
260 484 358 545 Δο00
376 485 411 544 11
427 485 477 558 25,
492 485 533 544 80
549 483 677 558 Desine,
689 502 815 562 quaeso,
827 484 1044 544 communibus
1059 483 1137 545 locis
1155 508 1161 543 :
1185 485 1269 544 domi
1287 486 1378 547 nobis
1394 486 1457 548 ista

259 589 435 644 nascuntur
455 584 504 644 ad.
534 584 609 644 fam.
626 584 677 643 IX
700 585 729 658 3,
756 586 775 643 2
798 584 854 643 sed
875 583 953 662 quid
974 603 1031 661 ego
1051 603 1134 643 nunc
1151 584 1229 645 haec
1250 586 1291 645 sd
1310 593 1352 660 te,
1367 587 1457 647 cuius

260 682 347 743 domi
368 690 542 743 nascuntur
563 683 604 742 ad
618 683 685 742 Act.
710 683 727 741 I
751 684 800 757 19,
816 684 836 743 3
856 684 982 742 Petron.
999 684 1084 758 38,1
1107 683 1214 743 omnia
1228 683 1311 744 domi
1328 704 1458 745 nascun-

260 790 314 842 tur
329 783 400 843 800.
416 783 475 860 Ep.
491 783 542 857 23,
557 783 578 843 3
600 780 671 842 volo
687 781 774 842 illam
790 782 849 841 tibi
871 782 955 841 domi
970 782 1066 842 nasci.
1112 783 1274 862 Similarly
1289 785 1352 845 (lic.
1370 784 1455 846 Orat

259 883 311 955 38,
334 882 395 941 132
420 889 526 942 uterer
549 880 703 959 exemplis
728 881 931 941 domesticis.
949 889 1103 942 ..uterer
1124 882 1238 942 alienis
1257 883 1296 943 de
1316 890 1393 944 orat.
1421 884 1456 943 II

260 983 291 1054 9,
305 982 346 1042 38
362 980 425 1041 0101
447 980 628 1041 domesticis
648 999 682 1040 se
700 980 890 1040 instruxerit
911 981 1020 1058 copiis,
1037 981 1165 1041 aliunde
1187 982 1313 1042 dicendi
1335 984 1457 1062 copiam

260 1086 370 1158 petere
391 1099 455 1140 non
478 1080 580 1159 possit
601 1081 665 1140 and
682 1080 773 1139 Pind
790 1081 881 1139 Nem.
899 1080 965 1139 VII
988 1083 1028 1140 75
1051 1081 1116 1142 ὁδὸν
1130 1083 1227 1159 κυρίαν
1239 1081 1337 1162 λόγων
1350 1084 1460 1144 οἴκοθεν

264 1180 363 1263 (cited
377 1180 420 1259 by
436 1180 527 1254 Reid,
543 1181 640 1240 Aoad.
656 1179 677 1238 l.
694 1180 745 1259 0.).
790 1181 852 1239 For
866 1180 1036 1256 analogous
1051 1181 1251 1257 expressions
1266 1182 1345 1241 with
1363 1183 1457 1255 domi,

262 1279 435 1358 especially
458 1279 493 1338 in
516 1279 659 1354 Plautus,
683 1297 735 1338 see
759 1280 922 1350 Brix,and
946 1279 1080 1357 Tyrrell,
1104 1279 1372 1356 Μ11.(1101.194,
1396 1282 1459 1342 and

263 1379 349 1453 Otto,
365 1380 427 1438 Die
444 1380 665 1456 Spn'elrwdner
678 1386 737 1440 eto.
755 1399 783 1457 p.
801 1380 872 1454 120,
887 1380 915 1438 3.

305 1480 345 1538 14
368 1479 497 1557 pulchri
520 1478 829 1558 quidem=pulchri
855 1478 905 1537 illi
930 1478 1066 1556 quidem.
1122 1479 1170 1540 cf.
1196 1486 1269 1540 note
1295 1497 1320 1539 0.
1342 1482 1460 1542 38.-

263 1579 370 1640 exitus
387 1583 436 1640 011
451 1584 498 1652 ut,
517 1593 604 1640 cum:
620 1577 704 1637 ‘Tne
719 1578 837 1657 upshot
852 1578 887 1637 01
901 1578 928 1636 it
942 1578 984 1638 all
1002 1578 1049 1637 is.'
1087 1579 1149 1638 For
1162 1579 1285 1638 similar
1299 1580 1459 1640 instantes

262 1677 300 1738 of
314 1678 370 1738 the
384 1676 541 1756 temporal
556 1696 626 1737 cum
641 1677 721 1736 with
736 1677 917 1752 indicative,
933 1677 973 1736 01.
987 1696 1013 1736 0.
1024 1698 1052 1754 g.
1067 1678 1104 1738 G.
1118 1678 1158 1736 24
1173 1684 1264 1739 tanta
1278 1679 1459 1740 temeritate

263 1785 310 1851 ut,
325 1797 397 1838 cum
411 1776 519 1837 omnia
532 1777 718 1836 defecerunt
733 1822 740 1836 .
757 1823 764 1835 .
781 1823 787 1836 .
805 1777 997 1836 contendant
1013 1778 1075 1836 and
1089 1778 1172 1836 Ann.
1190 1778 1304 1839 11130.
1317 1780 1366 1839 54.
1402 1781 1460 1840 See

263 1878 315 1937 W.
333 1878 370 1938 G.
388 1877 481 1952 Halo,
502 1877 578 1936 Cum
597 1877 820 1936 Cmietmctions
839 1896 867 1954 p.
885 1878 946 1936 204
962 1876 993 1934 ff.
1005 1877 1139 1936 -Note
1160 1877 1216 1936 the
1238 1877 1398 1954 ‘gradatio
1420 1880 1461 1939 ad

263 1977 387 2036 minus’
403 1977 438 2035 in
452 1982 521 2036 toto
535 1995 668 2036 0000-
677 1994 791 2052 magna
805 1976 945 2035 noctium
959 1982 1057 2054 parte.

308 2077 348 2136 15
370 2076 515 2138 extudit:
548 2077 578 2135 Α
606 2075 772 2153 metaphor
796 2075 891 2134 taken
919 2074 1001 2134 from
1030 2075 1085 2134 the
1115 2075 1372 2137 metm-worker's
1401 2086 1458 2138 art

265 2176 315 2237 cf.
332 2176 396 2237 Cic.
413 2176 454 2235 ad
474 2175 543 2234 Att.
559 2175 622 2234 XV
636 2174 674 2233 13
698 2175 849 2234 excudam
872 2173 996 2251 aliquid
1015 2173 1224 2253 Ἡρακλείδιον.
1268 2176 1351 2235 Ρ110.
1368 2177 1460 2254 Epl

264 2277 331 2348 3,4
352 2273 464 2352 effinge
486 2273 609 2351 aliquid
630 2281 663 2332 ct
684 2273 802 2333 exoude
824 2274 908 2351 quod
930 2273 973 2332 sit
994 2280 1147 2351 perpetuo
1165 2280 1264 2333 tuum.
1310 2277 1396 2335 Lact.
1422 2276 1460 2335 de

266 2373 345 2452 opif.
362 2374 415 2432 12
438 2373 528 2433 nulla
546 2392 596 2432 me
612 2373 800 2432 necessitate
816 2418 823 2431 .
840 2418 847 2432 .
865 2417 872 2431 .
890 2372 1038 2450 impediri
1053 2373 1221 2449 quominus
1235 2373 1356 2451 aliquid
1372 2393 1462 2435 exou-

267 2474 349 2533 dam.
396 2472 534 2546 Salvian,
551 2472 590 2532 de
605 2471 733 2549 gubern.
746 2472 798 2530 dei
813 2472 917 2530 Praef.
933 2472 979 2555 (C.
992 2472 1021 2531 S.
1033 2472 1068 2530 E.
1086 2472 1170 2532 VIII
1186 2492 1216 2549 p.
1234 2473 1266 2551 1)
1282 2479 1319 2532 ut
1339 2474 1460 2553 aliquid

264 2573 448 2650 linguarum
469 2589 549 2649 opus
571 2571 677 2631 studio
699 2571 896 2647 ingeniorum
915 2572 1114 2630 excuderent.
1160 2572 1218 2631 See
1233 2580 1306 2632 note
1318 2592 1346 2632 c.
1363 2574 1403 2633 20
1420 2583 1459 2632 121.

265 2672 524 2735 -elncrbrerit
536 2670 615 2730 with
631 2669 748 2748 special
764 2670 923 2730 reference
938 2676 972 2729 to
988 2670 1115 2747 ‘magna
1128 2672 1266 2731 noctium
1283 2674 1393 2750 parte.’
1412 2675 1460 2734 cf.

155 2789 163 2799 ·
265 2771 330 2832 Cic.
346 2772 437 2831 Brut.
454 2771 504 2844 90,
520 2771 581 2830 312
604 2770 721 2829 multae
740 2774 795 2852 (sc.
812 2770 984 2847 orationes)
1001 2789 1080 2847 quas
1096 2789 1157 2829 non
1173 2771 1277 2831 minus
1293 2772 1462 2848 diligenter

266 2871 445 2931 elaboratas
475 2875 508 2929 et
537 2875 698 2947 tamquam
725 2869 924 2929 elucubratos
945 2869 1152 2929 afferebamus
1181 2871 1221 2929 ad
1242 2873 1309 2930 Att.
1334 2873 1398 2931 VII
1423 2873 1461 2932 19

266 2970 437 3049 epistolam
461 2988 557 3047 quam
582 2989 667 3029 eram
693 2968 903 3028 elucubratus.
947 2968 1017 3029 Val.
1044 2969 1130 3028 Max.
1158 2970 1211 3028 III
1236 2974 1265 3044 7,
1289 2973 1307 3030 1
1330 2972 1462 3031 alterius

266 3076 437 3130 cunctante
457 3068 533 3128 stilo
548 3068 765 3128 elucubratum
780 3087 868 3146 opus.
914 3067 1078 3128 columi(
1100 3070 1198 3146 praef.
1244 3070 1310 3129 The
1326 3071 1462 3148 simplex

266 3169 336 3229 also
356 3188 465 3229 occurs
480 3187 506 3228 e.
523 3188 551 3245 g.
568 3168 632 3230 Cic.
650 3168 761 3227 Parad.
778 3186 914 3245 prooem.
931 3168 951 3225 5
966 3186 1099 3244 parvum
1120 3169 1305 3245 opuseulum
1321 3169 1463 3230 lucubra-

265 3277 337 3328 tum
352 3268 403 3327 his
424 3268 488 3327 iam
509 3267 770 3327 contractioribus
793 3266 946 3326 noctibus.
993 3266 1043 3327 On
1057 3267 1112 3326 the
1128 3267 1307 3340 difference,
1324 3268 1364 3327 01.
1389 3276 1462 3329 note

266 3388 292 3428 0
307 3370 326 3428 9
340 3376 382 3426 29.
427 3366 517 3426 8010
532 3367 636 3427 Greek
651 3368 846 3446 νυκτογραφία
861 3385 887 3425 e.
904 3386 932 3442 g.
947 3365 1030 3424 Plut.
1045 3365 1112 3424 Pol.
1122 3367 1229 3426 Praec.
1241 3368 1338 3428 8030
1355 3368 1460 3447 Symp.

140 3510 148 3518 .
266 3466 425 3527 nuato„
456 3464 515 3523 See
529 3464 597 3523 also
613 3463 736 3525 callim.
751 3463 784 3522 in
800 3464 888 3523 Arat.
905 3464 977 3544 (Ep.
990 3462 1046 3543 21)
1063 3467 1216 3539 σύμβολον
1227 3468 1380 3544 ἀγρυπνίης
1401 3466 1464 3526 and

266 3566 353 3626 Plut.
370 3566 459 3625 Dem.
477 3564 516 3623 11
532 3567 570 3626 eis
585 3565 635 3624 τὰς
650 3563 802 3640 ἀγρυπνίας
824 3607 831 3620 .
849 3607 855 3619 .
874 3607 880 3620 .
897 3588 925 3622 τι
947 3562 1049 3641 λέγειν.

311 3667 350 3726 16
373 3681 486 3743 rogaro
503 3664 588 3724 ultro
606 3665 637 3723 et
655 3661 776 3722 ambire
790 3668 847 3720 etc.
861 3683 867 3718 ε
883 3662 962 3719 ultro
977 3660 1060 3719 ‘into
1071 3661 1126 3720 the
1137 3662 1287 3739 bargain,'
1297 3665 1338 3724 01.
1352 3685 1376 3724 c.
1390 3667 1463 3728 523.

268 3765 303 3823 It
323 3763 454 3840 belongs
475 3769 509 3821 to
529 3761 606 3821 both
629 3760 730 3833 verbs,
746 3778 781 3820 as
805 3760 964 3819 indicated
984 3759 1026 3837 by
1041 3760 1096 3818 the
1119 3761 1265 3837 position.
1310 3764 1367 3824 See
1391 3774 1464 3826 note

268 3865 401 3924 01210.
432 3860 522 3920 With
545 3860 599 3920 the
622 3865 793 3919 statement
808 3859 905 3932 itself,
922 3859 962 3917 01.
980 3858 1062 3918 Ρ110.
1080 3860 1137 3938 Ep.
1156 3861 1172 3919 Ι
1189 3863 1237 3935 13,
1254 3863 1311 3921 21.
1331 3871 1362 3947 (a
1376 3864 1464 3926 locus

269 3962 421 4023 classicus
436 3980 476 4019 on
491 3960 547 4020 the
561 3960 685 4038 subject
699 3959 734 4017 of
755 3958 953 4036 recitations)
968 3958 1054 4018 lente
1071 3967 1317 4040 cunctanterque
1333 3965 1465 4025 veniunt

148 4115 151 4118 ⁴
271 4068 328 4145 (00.
344 4059 519 4138 auditores)
533 4082 541 4132 3
564 4077 620 4119 nec
637 4065 744 4118 tamen
764 4064 949 4135 permanent
964 4059 1018 4117 sed
1034 4066 1107 4118 ante
1125 4060 1217 4120 linem
1233 4064 1392 4137 recedunt,
1408 4064 1464 4124 alii

144 4192 149 4197 ·
269 4160 510 4221 dissimulanter
530 4164 563 4218 et
585 4158 706 4225 furtim,
733 4158 788 4217 alii
815 4157 1003 4235 simpliciter
1024 4166 1057 4217 et
1079 4158 1223 4220 libere..
1242 4207 1248 4220 .
1266 4163 1365 4222 multo
1389 4172 1464 4224 ante

269 4268 399 4337 rogatus
420 4265 453 4318 et
475 4257 648 4318 identidem
663 4256 852 4316 admonitus.
897 4256 951 4314 III
968 4256 1016 4330 18,
1032 4257 1051 4314 4
1067 4257 1137 4335 cepi
1152 4265 1258 4318 autem
1273 4279 1334 4319 non
1350 4261 1465 4322 medio-
