3428 4912
256 323 322 387 332
462 329 466 335 ·
794 337 916 387 sorus

298 514 338 573 14
359 518 522 592 tamquam
540 513 636 590 plane
653 512 804 574 leviores:
835 511 883 572 Ol.
901 510 1007 581 Quint.
1024 510 1060 570 II
1076 510 1104 585 1,
1118 511 1137 570 2
1153 511 1194 571 ad
1208 521 1450 590 prosopopoeias

256 632 355 690 usque
378 618 410 672 et
432 613 471 671 ad
494 612 660 685 suasorias,
683 611 717 670 iu
739 611 853 688 quibus
876 629 954 669 onus
976 610 1102 670 dicendi
1124 610 1175 670 vel
1197 612 1369 671 maximum
1391 620 1450 687 est,

256 713 463 791 inrumpunt.
482 757 489 770 .
506 757 513 770 .
529 711 604 770 hinc
619 730 693 788 ergo
708 711 825 771 accidit
840 717 885 784 ut,
902 731 981 789 quae
1003 711 1133 770 alterius
1149 711 1227 771 artis
1244 712 1346 789 prima
1361 721 1452 772 erant

256 833 360 891 opera,
377 812 464 872 facta
485 812 550 871 sint
572 812 704 871 alterius
726 812 907 884 novissima,
924 817 956 870 et
978 819 1065 871 aetas
1087 812 1148 871 iam
1172 812 1337 872 altioribus
1361 813 1453 872 disci·

256 913 354 992 plinis
371 912 478 972 debita
492 911 526 970 in
541 912 649 971 schola
663 912 783 970 minore
802 911 954 970 subsidat.
965 921 1172 988 -tamquam
1195 911 1374 971 introduces
1396 913 1452 972 the

256 1013 386 1091 opinion
401 1012 436 1071 of
453 1012 508 1071 the
524 1011 739 1070 rhetor-icians.
785 1010 840 1087 Cp.
857 1016 931 1068 note
947 1029 971 1069 c.
989 1010 1007 1068 2
1026 1020 1049 1068 2.
1059 1009 1157 1070 -On
1167 1011 1264 1086 plane
1279 1010 1357 1071 with
1372 1030 1453 1070 com-

257 1112 408 1189 parative,
425 1129 477 1170 see
492 1116 565 1169 note
581 1129 606 1169 c.
622 1109 662 1169 27
680 1118 705 1167 4.

299 1212 338 1270 15
361 1210 607 1272 robustioribus:
630 1209 733 1267 ‘more
759 1209 901 1282 mature,’
924 1209 1065 1286 opposed
1087 1215 1121 1268 to
1142 1209 1269 1285 ‘pueri'
1314 1211 1375 1268 For
1397 1209 1453 1269 the

257 1330 342 1371 same
357 1310 524 1386 figurative
540 1328 631 1368 sense
646 1309 681 1368 of
697 1309 752 1367 the
768 1309 862 1382 word,
880 1308 920 1367 cf.
940 1308 976 1368 G.
994 1309 1034 1367 13
1056 1327 1170 1383 magna
1191 1314 1317 1385 patrum
1339 1309 1454 1368 merita

256 1409 411 1488 principis
427 1408 642 1485 dignationem
658 1407 754 1467 etiam
769 1408 1005 1466 adulescentulis
1020 1407 1202 1483 adsiyuaat:
1217 1408 1315 1467 ceteri
1330 1409 1454 1467 mutasti-

257 1510 355 1567 oridus
376 1527 412 1567 ac
434 1508 496 1566 iam
519 1507 641 1584 pridem
667 1507 809 1584 probatis
831 1507 1043 1583 adgregantur
1072 1507 1134 1565 and
1157 1525 1191 1566 so
1213 1506 1397 1585 frequently
1419 1507 1453 1565 in

257 1609 364 1678 Quint.
381 1626 448 1684 eg.
466 1607 482 1665 I
499 1607 561 1680 1,8
584 1605 690 1684 priora
712 1605 769 1664 illa
790 1606 830 1664 ad
853 1624 967 1683 pueros
993 1605 1102 1681 magia
1125 1606 1203 1664 haec
1226 1607 1392 1683 sequentia
1413 1607 1453 1666 ad

257 1707 449 1767 robustiores
464 1705 669 1782 pertinebunt
701 1705 732 1763 X
748 1705 776 1778 5,
794 1705 811 1762 1
834 1723 1025 1780 puerorum.
1043 1750 1049 1763 .
1067 1750 1073 1763 .
1090 1704 1320 1764 robustioribus
1336 1705 1453 1765 studiis

259 1807 313 1889 (cf.
330 1805 475 1878 Bonnell‚
492 1806 568 1863 Lex.
585 1804 691 1873 Quint.
709 1823 732 1863 s.
747 1804 801 1881 v.).

299 1907 339 1966 16
362 1922 418 1983 per
435 1905 528 1965 fldem
545 1903 681 1962 without
702 1922 787 1962 some
810 1903 1012 1979 interveuing
1030 1904 1132 1962 words
1155 1903 1220 1962 like
1240 1904 1343 1977 deum,
1360 1905 1454 1962 deum

257 2012 352 2083 atque
367 2004 539 2077 hominum,
556 2003 584 2061 is
606 2022 684 2080 very
706 2003 810 2080 rarely
832 2009 897 2061 met
919 2002 1007 2061 with.
1053 2003 1100 2062 cf.
1119 2022 1144 2063 e.
1158 2023 1186 2079 g.
1203 2003 1329 2062 Petron.
1347 2004 1417 2076 100,
1434 2005 1454 2062 5

258 2125 313 2182 per
328 2105 431 2177 fidem,
447 2103 586 2180 inquam,
603 2108 701 2180 pater,
718 2102 808 2161 cuius
823 2102 900 2161 haec
915 2101 1005 2160 navis
1022 2105 1096 2161 est?
1125 2102 1219 2179 Apul.
1233 2103 1310 2161 Met.
1324 2105 1343 2162 6
1359 2123 1454 2180 quam

257 2204 381 2276 vellem,
398 2202 512 2280 inquit,
529 2201 693 2280 perfidem
709 2208 822 2260 nutum
841 2220 944 2260 meum
967 2201 1111 2278 precibus
1134 2201 1198 2260 tuis
1221 2203 1454 2262 accommodare

257 2304 320 2362 and
342 2303 478 2381 perhaps
501 2302 604 2360 Plaut.
622 2301 763 2377 Amphit.
781 2300 798 2358 I
814 2303 842 2373 1,
858 2301 919 2359 220
943 2320 999 2377 pro
1021 2319 1055 2359 or
1078 2320 1133 2377 per
1153 2301 1228 2383 (pi.)
1248 2299 1350 2360 fidem.
1396 2302 1454 2361 See

258 2403 324 2462 also
340 2403 432 2478 Verg.
450 2402 529 2460 Aen.
547 2402 581 2459 II
601 2401 661 2459 142
683 2420 739 2478 per
761 2401 789 2459 si
812 2419 875 2477 qua
896 2406 945 2459 cst
961 2447 968 2460 .
985 2447 991 2458 .
1009 2445 1015 2459 .
1034 2400 1118 2459 fides.
1164 2400 1229 2458 The
1252 2401 1327 2460 cath
1348 2419 1413 2459 was
1436 2420 1456 2460 a

258 2521 336 2580 very
351 2500 478 2560 ancient
500 2519 559 2558 one
581 2500 643 2558 and
665 2499 734 2558 still
756 2519 899 2559 common
920 2500 953 2556 in
973 2499 1152 2558 Plutarch’s
1168 2499 1237 2577 day.
1283 2499 1456 2560 01111119

259 2602 298 2660 16
321 2604 374 2677 τὴν
394 2602 502 2660 Πίστιν
523 2601 609 2676 ὅρκον
630 2598 770 2667 ἀποδεῖξαι
784 2597 932 2674 Ῥωμαίοις
954 2599 1093 2677 μέγιστον
1107 2597 1126 2678 ᾗ
1141 2600 1280 2678 χρώμενοι
1302 2600 1385 2678 μέχρι
1407 2604 1457 2660 νῦν

258 2700 446 2760 διατελοῦσιν.

301 2801 340 2858 11
364 2796 709 2875 compositae=fictae
756 2797 813 2856 See
836 2803 909 2855 note
932 2816 957 2856 c.
979 2798 1018 2855 12
1038 2798 1282 2875 1a.-sequitur
1298 2802 1350 2858 ut:
1374 2797 1456 2857 ‘aud

258 2898 480 2969 furthermore,
497 2895 531 2953 in
552 2896 698 2955 addition
712 2896 766 2969 to,'
783 2896 802 2954 i.
817 2915 842 2954 e.
859 2914 893 2954 as
909 2895 937 2953 if
951 2896 1041 2955 these
1056 2895 1211 2954 exercises
1226 2915 1308 2955 were
1323 2903 1379 2955 not
1393 2896 1456 2955 bad

259 2996 382 3072 enough
399 2996 432 3054 in
447 2994 648 3068 themselves,
664 2995 742 3072 they
757 3014 810 3054 are
832 2995 986 3053 rendered
1009 2994 1077 3053 still
1099 3014 1184 3053 more
1208 2994 1394 3054 intolerable
1413 2995 1455 3072 by

260 3096 433 3156 bombastio
456 3094 608 3172 delivery.
653 3094 702 3154 On
728 3094 793 3153 this
818 3113 874 3153 use
890 3094 925 3153 of
949 3094 1110 3171 ‘sequitur
1134 3094 1188 3153 ut'
1215 3094 1249 3152 in
1273 3094 1455 3165 transition,

259 3197 299 3256 cf.
323 3215 393 3272 eg.
418 3195 481 3257 Cic.
499 3193 585 3254 Orat.
602 3194 653 3268 23,
669 3195 709 3254 ’15
736 3194 880 3271 sequitur
905 3200 942 3253 ut
968 3194 1119 3270 cuiusque
1142 3194 1265 3270 generis
1287 3200 1390 3253 nota.
1416 3240 1422 3253 .
1447 3241 1454 3253 .

259 3302 428 3373 quaeratur
457 3295 496 3353 de
512 3293 564 3353 off.
581 3293 599 3351 I
614 3294 664 3367 27,
680 3295 720 3354 93
750 3293 788 3351 de
804 3299 867 3352 nat.
885 3293 968 3352 deor.
986 3293 1086 3366 1132,
1102 3294 1142 3353 80
1172 3292 1277 3362 Quint.
1295 3293 1342 3353 IV
1357 3294 1409 3352 Pr.
1426 3295 1454 3353 6.

254 3394 460 3453 —materiae
483 3392 668 3453 abhorrenti
692 3397 764 3450 etc:
803 3393 851 3453 cf.
875 3412 899 3451 c.
924 3395 998 3452 313
1023 3393 1105 3453 fictis
1132 3413 1189 3453 nec
1211 3394 1278 3452 ullo
1299 3395 1392 3453 modo
1415 3397 1457 3456 ad

258 3493 426 3553 veritatem
448 3491 671 3550 accedentibus
693 3491 917 3550 controversiis
954 3491 1060 3561 Quint.
1080 3492 1115 3550 Π
1139 3493 1223 3567 10,3
1246 3492 1312 3552 sint
1330 3512 1404 3570 ergo
1423 3501 1456 3554 et

258 3592 345 3669 ipsae
369 3591 521 3650 materiae
546 3610 626 3667 quae
650 3590 817 3666 fingentur,
842 3610 936 3667 quam
960 3590 1124 3650 simillima
1145 3591 1275 3651 veritati
1298 3598 1331 3652 et
1354 3593 1458 3653 decla·

258 3692 356 3751 matio
372 3737 378 3750 .
396 3737 403 3750 .
421 3736 426 3749 .
445 3691 588 3750 imitetur
604 3710 656 3750 eas
677 3690 816 3749 actiones
839 3689 872 3747 in
894 3710 1027 3767 quarum
1049 3691 1308 3750 exercitationem
1329 3699 1457 3770 reperta

258 3797 307 3851 est
341 3792 380 3848 12
403 3809 499 3867 quare
522 3789 718 3862 declamatio,
738 3789 885 3866 quoniam
908 3795 957 3847 est
979 3789 1167 3848 iudiciorum
1189 3791 1456 3869 consiliorumque

259 3891 371 3966 image,
395 3889 510 3947 similis
534 3908 601 3948 esse
624 3888 718 3947 debet
740 3888 869 3946 veritati
905 3890 936 3946 X
957 3890 986 3961 2,
1004 3889 1041 3947 11
1059 3889 1080 3947 f.
1106 3889 1144 3948 iis
1170 3891 1453 3974 (sacrationibus)

259 4009 339 4066 quae
363 3989 395 4047 in
418 3988 598 4064 exemplum
620 3987 814 4047 adsumimus
839 3987 946 4046 subest
968 3993 1082 4047 natura
1103 3996 1135 4048 et
1156 4008 1231 4048 vera
1252 3989 1319 4064 vis3
1346 3997 1457 4050 contra

259 4089 361 4148 omnis
378 4087 515 4147 imitatio
532 4088 618 4146 facta
633 4093 682 4145 est
698 4135 704 4147 .
722 4132 728 4144 .
746 4132 752 4144 .
769 4087 892 4162 qualit,
911 4093 944 4145 ut
967 4087 1071 4146 minus
1094 4088 1257 4163 sanguinis
1280 4108 1315 4148 ac
1338 4089 1457 4149 virium

260 4188 504 4248 ‹lcclamaticncs
528 4187 664 4246 habeant
686 4205 780 4263 quam
804 4186 966 4257 craticule,
990 4187 1074 4262 quod
1097 4187 1130 4244 in
1152 4186 1218 4246 illis
1240 4207 1324 4261 vera,
1348 4189 1381 4246 in
1404 4189 1455 4249 his

261 4288 442 4348 adsimilata
463 4287 596 4345 materia
617 4291 666 4345 est
702 4286 731 4357 5,
749 4286 788 4343 14
806 4286 1051 4345 declamationes
1068 4306 1141 4344 vero
1157 4332 1163 4345 .
1181 4334 1187 4347 .
1205 4333 1211 4346 .
1229 4287 1256 4346 si
1273 4289 1364 4348 modo
1379 4296 1457 4349 sunt

261 4389 302 4448 ad
326 4388 493 4447 veritatem
523 4386 777 4445 adcommodatae
803 4392 835 4444 et
861 4385 1055 4444 orationibus
1083 4386 1213 4458 similes,
1241 4406 1304 4445 non
1329 4393 1455 4450 tantum
