3428 4912
708 340 736 391 1.
759 342 797 390 rc.
818 340 858 390 ao.
1309 324 1373 390 217

183 514 294 576 earlier
310 515 387 575 laws
405 514 495 599 (such
510 532 544 574 11
559 513 614 574 the
629 513 682 573 lex
697 514 735 574 de
750 513 783 572 vi
798 520 831 573 et
845 513 975 587 ambitu,
991 512 1042 572 ior
1057 512 1212 593 instance)
1228 513 1287 574 but
1300 515 1377 593 they

183 614 374 675 themselves
390 613 576 689 determine,
591 613 760 691 according
774 618 808 674 to
822 613 907 674 their
922 612 1103 688 discretion,
1118 612 1173 672 the
1191 614 1322 674 number
1344 614 1379 674 11

183 713 277 774 hours
299 719 333 774 to
354 713 393 773 be
414 712 549 773 allotted
569 719 603 773 to
624 712 679 773 the
702 713 823 773 several
845 712 1002 791 speakers.
1047 713 1114 773 The
1136 719 1377 774 commentatore

183 813 296 892 tacitly
310 831 435 873 assume
450 813 505 872 the
517 812 666 889 meaning
676 812 712 871 of
726 811 917 890 ‘accipiunt'
933 818 967 871 to
978 812 1016 872 be
1028 812 1099 872 that
1110 812 1164 873 the
1177 813 1378 890 magistrates

184 913 222 973 do
236 918 293 972 not
307 918 418 991 accept
431 911 487 972 the
502 911 665 990 proposals
681 930 715 970 as
730 916 764 971 to
779 910 856 971 time
871 911 1041 972 allowance
1061 912 1151 972 made
1172 917 1206 972 to
1227 912 1314 973 them
1337 914 1378 991 by

184 1011 237 1071 the
259 1010 405 1089 litigante
426 1010 629 1087 themselves,
644 1011 701 1070 but
723 1009 788 1070 this
811 1029 911 1070 seems
933 1016 967 1069 to
989 1010 1116 1070 conflict
1133 1011 1212 1071 with
1229 1012 1315 1072 what
1332 1032 1378 1072 wc

184 1109 276 1170 know
291 1110 326 1170 of
339 1111 462 1170 Roman
477 1115 568 1170 11111
582 1109 762 1188 procedure.
808 1109 856 1171 Cf.
870 1109 952 1169 Plin.
967 1111 1024 1188 Ep.
1038 1111 1086 1169 IV
1100 1112 1128 1184 9,
1145 1112 1164 1170 9
1186 1131 1201 1170 e
1216 1113 1379 1188 11911111-

185 1215 268 1270 sator
279 1229 335 1270 sex
349 1210 452 1284 horas,
463 1228 576 1270 novem
588 1227 659 1270 reus
671 1209 832 1286 accepisset
857 1210 1002 1282 1111,14
1028 1228 1100 1268 nam
1112 1211 1181 1269 XII
1193 1208 1378 1289 clepsydris,

89 1380 95 1384 .
186 1328 261 1388 quas
276 1309 523 1388 spatiosissimas
540 1329 723 1387 acceperam,
740 1313 815 1369 sunt
829 1308 955 1369 additae
976 1314 1125 1387 quattuor
1148 1314 1203 1393 (sc.
1220 1329 1240 1369 a
1261 1310 1378 1389 iudice)

186 1408 289 1469 which
310 1427 458 1487 passages
480 1408 555 1468 lend
576 1408 716 1486 weighty
738 1413 871 1486 support
892 1412 926 1467 to
947 1407 1001 1467 the
1024 1407 1268 1486 interpretation
1288 1410 1380 1469 advo

188 1508 275 1569 cated
290 1507 325 1567 in
338 1506 393 1567 the
408 1507 579 1586 preceding
593 1512 676 1566 note.

225 1608 265 1666 25
288 1607 517 1685 expectendum
541 1607 676 1670 habent:
708 1606 757 1667 On
778 1606 845 1667 this
867 1606 1040 1684 gerundivo
1062 1606 1278 1667 construction
1301 1607 1380 1668 with

188 1705 309 1780 habere,
324 1706 366 1766 cf.
382 1711 497 1766 11111.
514 1706 533 1766 8
550 1716 589 1764 12.

226 1805 266 1865 27
293 1805 359 1866 alio
387 1804 691 1883 mnsgredientem:
721 1804 894 1882 Referring
921 1811 955 1864 to
980 1804 1154 1865 irrelevant
1176 1805 1379 1882 digressione,

188 1906 383 1983 παρεκβάσεις.
428 1904 476 1965 cf.
494 1903 601 1974 Quint.
618 1904 709 1979 1V3,
726 1905 766 1964 13
788 1923 850 1982 quo
872 1922 912 1962 ex
934 1923 1047 1980 genere
1071 1909 1126 1988 (sc.
1150 1905 1379 1984 egressionum)

188 2002 289 2062 estin
310 2001 506 2062 orationibus
529 2009 638 2063 contra
652 2004 782 2062 Verrem
804 2003 987 2081 compositis
1011 2003 1138 2063 Siciliae
1160 2003 1239 2077 laus,
1255 2005 1381 2064 Proser-

187 2101 277 2180 pinae
299 2106 418 2180 raptus,
441 2121 498 2180 pro
520 2102 552 2163 (l.
571 2101 716 2163 Cornelio
737 2101 898 2179 popularis
921 2100 978 2160 illa
998 2101 1154 2162 virtutum
1176 2104 1231 2165 Cn.
1248 2103 1380 2181 Pompei

187 2201 447 2275 commemoratio,
469 2206 503 2261 to
521 2201 625 2260 which
642 2220 688 2261 we
711 2220 784 2279 may
806 2201 868 2259 add
889 2201 943 2260 the
965 2201 1079 2279 eulogy
1101 2202 1136 2260 of
1157 2209 1246 2279 poets
1270 2203 1303 2261 in
1324 2203 1380 2262 the

187 2319 241 2378 pro
255 2300 351 2360 Arch.
367 2300 431 2360 aud
445 2299 500 2360 the
514 2299 626 2360 banter
641 2319 682 2358 on
698 2299 784 2359 Stoic
798 2300 972 2377 paradoxes
988 2299 1020 2358 11
1036 2301 1090 2359 the
1106 2320 1163 2378 pro
1177 2301 1259 2360 Mur.
1274 2303 1339 2369 §61
1355 2302 1378 2362 f.

188 2399 263 2460 This
278 2399 426 2478 practice,
442 2399 565 2476 though
580 2404 614 2459 at
628 2399 722 2459 times
738 2405 793 2458 not
808 2405 863 2458 out
881 2398 916 2457 of
937 2399 1025 2477 place
1043 2400 1097 2483 (ci.
1115 2400 1177 2461 Cic.
1194 2400 1232 2459 de
1248 2407 1326 2461 orat.
1343 2402 1379 2459 11

188 2501 235 2575 77,
244 2501 304 2561 311
320 2499 444 2577 digredi
458 2504 564 2558 tamen
579 2495 619 2558 ab
634 2516 670 2558 eo
682 2498 766 2576 quod
780 2498 980 2576 proposueris
996 2503 1091 2576 atque
1103 2517 1187 2576 agas,
1199 2518 1380 2577 permoven-

186 2599 294 2659 dorum
305 2599 481 2660 animorum
494 2616 588 2658 causa
602 2615 695 2675 saepe
706 2596 787 2658 utile
799 2603 848 2656 est
863 2598 969 2667 Quint.
983 2599 1031 2657 IV
1042 2599 1070 2672 3,
1084 2599 1123 2657 14
1139 2599 1188 2678 1.),
1201 2599 1228 2659 11
1241 2599 1380 2679 cleverly

186 2698 338 2759 ridiculed
353 2698 395 2777 by
410 2699 505 2758 Mart.
522 2698 569 2756 VI
586 2699 624 2757 19
643 2716 705 2756 111
727 2697 766 2756 de
786 2696 819 2755 vi
842 2716 944 2774 neque
966 2698 1060 2757 caede
1082 2717 1139 2758 nec
1161 2717 1282 2759 veneno
1302 2698 1305 2783 1
1325 2700 1380 2759 sed

186 2796 224 2857 lis
239 2804 288 2858 est
302 2797 382 2857 mihi
397 2798 436 2857 de
451 2796 553 2857 tribus
569 2795 700 2875 capellis
720 2795 724 2877 1
744 2795 841 2856 vicini
858 2815 971 2874 queror
989 2797 1046 2857 has
1064 2798 1173 2857 abesse
1191 2799 1278 2857 furto
1298 2798 1302 2883 Ι
1322 2799 1380 2858 hoc

186 2895 279 2958 iudex
301 2896 362 2957 sibi
377 2896 520 2975 postulat
534 2896 661 2975 probari
681 2895 685 2980 Ι
704 2901 740 2955 tu
759 2897 882 2957 Cannas
907 2896 1225 2974 Mithridaticumque
1240 2897 1372 2982 bellurn}

186 3041 193 3055 .
208 3041 215 3056 .
232 3041 239 3056 .
256 2996 319 3056 iam
331 2995 392 3072 dic,
402 2997 562 3072 Postume,
575 2996 614 3056 de
626 2995 729 3055 tribus
742 2994 873 3072 capellis
888 2995 941 3078 (cf.
956 2996 1054 3056 Anth.
1068 2996 1135 3055 Pal.
1150 2996 1205 3055 III
1220 2997 1284 3076 46).
1323 2999 1378 3076 Cp.

185 3095 372 3172 Volkmann,
394 3095 657 3174 1111111241.
689 3096 812 3173 Mayor,
836 3095 941 3165 Quint.
961 3096 993 3155 X
1016 3096 1325 3168 111-11111111
1348 3115 1381 3158 se

185 3199 358 3258 1111111111
380 3195 429 3258 Cf.
447 3195 552 3266 Quint.
570 3197 618 3255 IV
633 3196 661 3269 1,
678 3194 718 3254 72
741 3193 912 3272 aliquando
934 3200 1040 3254 tamen
1063 3195 1111 3254 uti
1129 3201 1184 3278 (sc.
1204 3196 1377 3274 prooemio)

184 3313 239 3356 nec
253 3295 282 3355 si
297 3295 431 3356 velimus
447 3313 484 3355 1ο
499 3294 583 3369 11111,
596 3314 666 3354 cum
682 3294 777 3354 iudex
792 3299 970 3371 occupatus,
984 3313 1053 3354 cum
1066 3301 1201 3370 angusta
1215 3300 1290 3354 sunt
1303 3300 1380 3354 tem-

183 3412 267 3473 pora,
283 3413 354 3456 cum
369 3394 469 3455 maior
483 3399 624 3473 potestas
639 3393 679 3454 ab
694 3393 764 3471 ipsa
778 3413 812 3454 re
827 3393 910 3471 cogit
925 3392 1064 3471 incipere
1079 3394 1142 3453 and
1157 3412 1220 3472 esp.
1235 3394 1282 3453 IV
1297 3395 1379 3468 5,10

183 3493 317 3556 festinat
331 3494 415 3555 enim
435 3494 531 3554 iudex
552 3493 593 3553 ad
615 3493 649 3553 id
671 3493 755 3572 quod
776 3493 1034 3571 potentissimum
1057 3499 1115 3567 est,
1139 3498 1172 3552 et
1193 3492 1282 3553 velut
1303 3493 1381 3553 obli·

183 3600 289 3671 gatum
304 3593 459 3672 promisso
475 3599 652 3670 patronum,
665 3593 693 3652 si
708 3599 757 3653 est
772 3592 954 3671 patientior,
970 3593 1087 3652 tacitus
1103 3593 1262 3670 appellat;
1285 3593 1313 3653 si
1327 3592 1379 3653 vel

183 3699 351 3771 occupatus
370 3692 423 3753 vel
445 3692 478 3751 in
500 3692 609 3770 aliqua
626 3697 782 3769 potestate
798 3692 849 3751 vel
866 3691 961 3751 etiam
979 3691 1025 3751 sic
1040 3691 1178 3752 moribus
1194 3692 1379 3770 incomposi-

183 3797 242 3867 tus,
258 3810 328 3853 cum
343 3790 485 3852 convicio
500 3791 661 3869 efflagitat.

223 3892 271 3954 2⁰.
306 3892 323 3951 1
348 3891 385 3952 de
408 3891 599 3952 1111111111
621 3891 816 3952 valetudinis
846 3907 921 3952 suae
955 3892 1152 3969 prestantem
1175 3897 1242 3951 etc:
1271 3891 1378 3962 Quint.

184 3989 230 4051 IV
244 3990 272 4065 1,
284 3990 314 4066 8,
330 3989 358 4050 is
373 4009 459 4050 more
474 3989 613 4050 tolerant
623 3989 658 4048 of
673 3990 750 4049 such
766 3988 978 4066 ‘captationes
991 3990 1259 4051 benevolentiae’:
1282 3991 1379 4063 Quae

59 4088 65 4170 f
185 4089 253 4150 dem
275 4135 282 4150 .
303 4135 309 4149 .
332 4137 339 4151 .
362 4089 594 4151 commendatio
615 4088 721 4163 tacita,
741 4088 768 4148 si
791 4107 847 4148 nos
863 4088 1014 4162 infirmos,
1037 4089 1217 4168 imparatos,
1242 4091 1378 4168 impares

186 4189 343 4267 agentium
358 4195 468 4250 contra
482 4189 618 4267 ingeniis
635 4188 817 4256 dixerimus,
834 4190 944 4264 qualia
963 4198 1036 4248 111111
1051 4190 1200 4266 pleraque
1215 4191 1379 4249 Messallae

92 4368 97 4378 ἱ
186 4289 346 4364 prooemia.
384 4293 434 4348 est
448 4287 533 4348 enim
553 4286 707 4347 naturalis
726 4288 818 4346 favor
840 4306 896 4365 pro
919 4286 1135 4348 laborantibus
1151 4294 1183 4348 et
1198 4288 1292 4348 iudex
1308 4288 1379 4348 reli-
