3428 4912
263 305 329 370 346
794 324 916 376 noras.

304 497 344 555 10
367 498 411 558 11.
431 498 591 560 crassum:
625 498 688 559 Cic.
710 500 800 558 Brut.
823 500 873 572 66,
894 501 956 560 233
982 498 1182 559 mediocriter
1205 517 1224 558 a
1247 497 1392 558 doctrina
1415 497 1461 556 in·

262 601 411 670 structus,
427 598 593 674 angustius
608 598 705 657 etiam
720 617 739 658 a
753 605 888 658 natura.
907 644 913 657 .
931 645 937 658 .
954 598 1061 659 labore
1084 604 1116 658 et
1138 598 1298 657 industria
1319 603 1351 657 et
1374 598 1461 676 quod

262 696 433 756 adhibebat
450 698 491 756 ad
509 697 697 758 obtinendas
717 716 827 758 causas
848 718 956 758 curam
975 698 1072 758 etiam
1088 704 1120 757 et
1135 698 1279 775 gratiam,
1296 698 1330 756 in
1344 697 1462 775 prinei-

262 795 354 872 pibus
371 797 514 874 patronis
529 797 652 875 aliquot
666 817 764 858 annos
780 798 853 857 fnit.
887 799 926 857 In
942 799 1036 857 huius
1052 799 1194 857 oratione
1210 816 1311 857 sermo
1323 798 1460 857 Latinus

261 902 339 970 erat,
355 895 451 956 verba
471 916 536 956 non
557 897 725 958 abiecta..
743 944 749 957 .
767 898 874 957 nullus
896 898 953 958 flos
975 904 1081 958 tamen
1103 917 1205 975 neque
1227 897 1334 957 lumen
1355 898 1460 957 ullum

261 996 441 1056 ...omnia
462 996 529 1056 fere
551 1003 587 1056 nt
609 997 758 1057 similiter
780 1003 875 1075 atque
896 1018 960 1057 uno
978 999 1069 1058 modo
1087 997 1268 1057 dicerentur
1300 1017 1357 1074 pro
1374 999 1459 1057 Mur.

261 1094 311 1167 23,
327 1096 367 1154 48
389 1096 440 1154 vir
454 1114 576 1156 summa
592 1097 748 1173 dignitate
763 1103 796 1157 et
811 1097 980 1174 diligentia
993 1104 1026 1157 et
1040 1097 1193 1157 facultate
1209 1097 1336 1157 dicendi
1372 1098 1458 1156 Plut.

261 1194 363 1255 Crass.
380 1196 408 1255 3.
419 1214 552 1257 —non·
568 1235 575 1248 ·
590 1233 596 1246 ·
613 1199 820 1259 modo-sed·
837 1235 842 1246 ·
859 1234 865 1247 ·
882 1215 1019 1276 quoquo:
1047 1197 1096 1256 On
1109 1197 1176 1256 this
1191 1196 1389 1270 correlation,
1406 1216 1460 1256 see

261 1299 334 1353 note
349 1314 374 1354 c.
391 1296 410 1353 2
423 1296 625 1357 6.—viribu
638 1334 644 1346 ·
660 1335 666 1347 ·
682 1334 688 1346 ·
704 1298 818 1358 armis:
842 1296 908 1356 The
924 1316 1009 1355 same
1024 1296 1211 1356 collocaticn
1226 1314 1251 1355 e.
1263 1315 1290 1372 g.
1308 1295 1350 1354 H.
1366 1296 1402 1354 ΙΙ
1419 1298 1460 1356 74

262 1393 309 1453 IV
323 1394 372 1453 23.
389 1395 429 1454 68
466 1395 550 1454 Plin.
567 1397 625 1474 Ep.
643 1396 722 1470 117,
739 1397 767 1455 2.

303 1494 341 1552 11
365 1495 532 1557 Lentulos:
563 1495 688 1572 Among
706 1495 761 1554 the
781 1515 876 1573 many
892 1495 1021 1555 Lentuli
1036 1495 1152 1554 known
1167 1501 1200 1553 to
1214 1514 1262 1568 ns,
1278 1495 1353 1572 only
1368 1495 1458 1569 such,

261 1593 296 1651 ol
318 1612 435 1668 course,
456 1614 490 1654 as
512 1614 594 1654 were
614 1595 880 1672 contemporaries
902 1595 937 1653 of
960 1595 1069 1657 Cicero
1092 1613 1144 1654 are
1167 1594 1242 1654 here
1262 1594 1391 1654 alluded
1414 1600 1458 1654 tc.

261 1693 309 1753 cf.
326 1693 389 1753 cic.
406 1694 495 1754 Brut.
512 1695 562 1768 66,
578 1695 640 1754 234
660 1695 712 1754 Cn.
730 1700 834 1754 autern
859 1694 1058 1777 [Cornelius]
1081 1696 1233 1752 Lentulus
1256 1694 1458 1776 [Clodianus.

260 1810 343 1850 cons.
361 1793 417 1872 72]
434 1793 534 1852 multo
549 1794 698 1852 maiorem
714 1794 896 1870 opinionem
911 1793 1036 1853 dicendi
1057 1793 1179 1852 actione
1203 1793 1340 1852 faciebat
1362 1812 1460 1870 qnam

261 1898 380 1968 quanta
401 1892 434 1950 in
457 1911 493 1951 eo
515 1893 651 1953 facultas
674 1899 742 1952 erat
757 1939 764 1952 .
782 1939 788 1952 .
806 1939 813 1952 .
830 1912 887 1953 nec
909 1893 1072 1952 abundans
1091 1892 1219 1951 verbis.
1238 1938 1244 1950 .
1261 1937 1268 1950 .
1285 1892 1409 1952 calebat
1424 1893 1459 1951 in

261 1991 390 2066 agend0,
413 1997 449 2050 ut
471 2011 517 2066 ea,
540 2011 620 2070 qnae
642 1993 781 2066 deerant,
804 2012 868 2051 non
889 1991 1191 2051 desiderarentur..
1209 2037 1215 2049 .
1233 1991 1278 2051 sic
1300 1992 1459 2052 Lentulus

260 2097 433 2150 ceterarum
460 2092 615 2151 virtutum
641 2092 766 2152 dicendi
794 2091 1043 2151 mediocritatem
1070 2090 1192 2150 actione
1219 2091 1400 2166 occultavit,
1424 2092 1460 2150 in

260 2209 323 2267 qua
337 2190 494 2250 excellens
515 2191 587 2250 fuit.
624 2193 686 2251 235
708 2192 746 2250 P.
760 2193 910 2251 Lentulus
927 2192 1040 2274 [Sura]
1056 2190 1145 2250 cuius
1161 2196 1193 2249 ct
1208 2191 1411 2267 excogitandi
1426 2199 1461 2251 et

260 2289 409 2367 loquendi
431 2291 616 2350 tarditatem
637 2291 764 2367 tegebat
783 2292 904 2350 formae
923 2290 1085 2367 dignitas.
1103 2336 1109 2348 .
1127 2336 1133 2348 .
1151 2289 1185 2348 in
1200 2290 1259 2350 hoc
1273 2290 1356 2349 nihil
1371 2310 1461 2368 prae·

259 2394 308 2447 ter
328 2390 483 2449 actionem
503 2390 567 2449 fuit
582 2397 686 2450 cetera
701 2390 798 2450 etiam
814 2390 935 2450 minora
955 2410 1048 2468 qnam
1069 2389 1103 2447 in
1120 2389 1290 2466 superiore.
1329 2391 1379 2464 70,
1396 2391 1459 2450 247

264 2489 317 2548 Cn.
335 2496 440 2548 autem
462 2492 613 2548 Lectulus
633 2491 834 2548 Marcellinus
854 2509 911 2549 nec
929 2508 1078 2567 umquam
1097 2489 1269 2548 indisertus
1288 2495 1320 2548 et
1339 2489 1373 2547 in
1389 2509 1462 2549 con·

259 2588 364 2648 sulatn
382 2590 435 2672 (56
453 2608 481 2647 n.
495 2589 537 2667 c.)
554 2590 761 2668 pereloquens
784 2591 872 2649 visus
894 2595 952 2662 est,
975 2607 1039 2648 non
1060 2589 1169 2648 tardus
1192 2588 1370 2661 sententiis,
1394 2609 1461 2649 non

260 2687 350 2765 inops
376 2688 491 2762 verbis,
517 2708 592 2749 voce
618 2708 741 2763 canora,
768 2689 890 2749 facetus
916 2688 1004 2748 satis.
1046 2691 1096 2760 77,
1116 2688 1177 2747 268
1200 2688 1270 2746 Duc
1293 2694 1461 2765 praeterea

259 2787 389 2846 Lentuli
408 2788 596 2862 consulares,
613 2809 745 2866 quorum
763 2791 802 2848 P.
821 2788 1003 2872 [Cornelius
1020 2787 1175 2846 Lentulus
1194 2787 1353 2864 Spinther.
1371 2806 1458 2848 cons.

258 2888 316 2967 57]
331 2933 337 2944 .
355 2933 361 2946 .
380 2933 386 2945 .
400 2887 555 2965 quidquid
570 2889 699 2948 habuit.
714 2935 720 2947 .
735 2935 741 2947 .
755 2894 856 2947 totum
873 2889 984 2947 hahuit
999 2907 1016 2947 e
1032 2887 1220 2965 disciplina;
1243 2887 1462 2948 instrumenta

258 2993 389 3046 naturae
404 2987 535 3046 deerant
551 3033 556 3046 .
571 3034 577 3047 .
592 3036 598 3049 .
611 2991 647 3046 L.
664 2995 770 3047 autem
790 2987 990 3070 [Cornelius]
1007 2989 1158 3046 Lectulus
1174 2987 1279 3069 [Orus.
1296 3005 1381 3046 cons.
1397 2988 1459 3068 49]

258 3086 336 3145 satis
359 3092 426 3146 erat
448 3087 541 3146 fortis
563 3088 726 3161 cratensi
749 3088 840 3146 modo
863 3087 1197 3148 oraton—Heiollos:
1221 3087 1310 3145 Brut.
1328 3087 1378 3160 70,
1395 3088 1459 3147 247

257 3186 319 3245 duo
340 3186 437 3246 etiam
457 3186 591 3261 Metelli,
609 3188 693 3246 Celer
709 3194 806 3271 (cons.
824 3187 877 3265 60)
895 3192 928 3245 ct
943 3187 1044 3262 Nepos
1061 3191 1157 3269 (cons.
1175 3186 1228 3263 57)
1246 3205 1309 3244 non
1324 3185 1408 3245 nihil
1425 3187 1461 3246 in

257 3285 360 3345 causis
375 3286 492 3345 versati
508 3305 565 3347 nec
580 3287 648 3346 sine
664 3287 790 3363 ingenio
806 3305 862 3346 nec
878 3285 999 3346 indocti
1031 3286 1072 3345 ad
1087 3285 1154 3343 Art.
1171 3285 1218 3343 VI
1235 3287 1263 3357 3,
1281 3285 1320 3343 10
1342 3286 1461 3345 oratio-

256 3404 329 3443 nem
346 3385 380 3455 Q.
394 3386 514 3446 Celeris
530 3386 608 3444 mihi
624 3386 720 3445 velim
736 3387 845 3445 mittas
862 3391 973 3445 contra
987 3386 1031 3443 M.
1046 3383 1226 3443 Servilium.
1237 3385 1459 3448 -Luonllosz

256 3486 292 3542 L.
309 3485 451 3543 Licinius
466 3487 616 3544 Lucullus
633 3487 724 3569 (born
739 3505 763 3545 c.
782 3486 841 3543 114
864 3504 948 3544 cons.
966 3485 1006 3543 74
1029 3483 1102 3544 died
1117 3485 1172 3558 57)
1189 3482 1291 3542 called
1310 3483 1352 3561 by
1368 3484 1458 3545 Plut.

257 3585 330 3643 Luc.
348 3585 387 3643 33
411 3584 496 3648 δεινὸς
519 3590 609 3645 εἰπεῖν.
655 3585 717 3643 His
737 3585 801 3643 less
817 3585 941 3643 famous
956 3583 1086 3642 brother
1100 3584 1144 3641 M.
1165 3583 1325 3641 Terentius
1340 3583 1461 3642 Licini-

256 3705 335 3741 auus
355 3684 448 3743 Varro
466 3688 563 3766 (cons,
581 3683 634 3761 73)
653 3684 679 3742 is
695 3684 877 3743 mentioned
893 3702 1007 3759 among
1025 3683 1080 3741 the
1103 3681 1246 3760 political
1268 3688 1390 3741 orators
1413 3683 1460 3762 by

256 3783 318 3843 Cic.
343 3782 431 3840 Brut.
455 3784 504 3856 62,
528 3784 825 3845 222-01111011911
856 3782 1010 3842 ‘Familia
1035 3781 1217 3853 Curionum,
1241 3781 1275 3838 in
1300 3799 1364 3858 qua
1389 3788 1459 3843 tres

255 3882 405 3941 continua
426 3882 507 3942 serie
529 3890 668 3942 oratores
692 3883 886 3942 extiterunt'
912 3882 1008 3966 (Plin.
1025 3882 1066 3940 N.
1083 3881 1125 3938 H.
1142 3881 1208 3940 VII
1225 3880 1299 3958 133)
1317 3880 1375 3938 viz.
1395 3882 1457 3965 (1).

259 3982 290 4041 C.
317 3981 489 4051 Scribonius
515 3984 607 4043 Curio
631 3989 744 4066 (praet.
769 3983 843 4061 121)
867 3981 1035 4057 according
1057 3987 1090 4039 to
1112 3981 1202 4039 Brut.
1226 3980 1355 4051 32,122
1378 3999 1459 4041 sane

256 4080 391 4140 illustris
417 4087 531 4155 orator,
559 4082 647 4141 cuius
674 4083 711 4141 de
738 4082 865 4158 ingenio
892 4101 929 4140 ex
956 4081 1152 4140 orationibus
1179 4079 1247 4138 eius
1273 4079 1460 4141 existimari

254 4187 359 4258 potest
404 4182 450 4265 (2)
473 4182 504 4241 Ο.
523 4182 615 4241 Ser-il,
637 4183 727 4240 Curio
750 4183 782 4242 C.
801 4183 847 4239 ll:
872 4181 1026 4241 (11131111.
1044 4180 1171 4252 58,210
1194 4183 1284 4238 erant
1307 4224 1313 4236 .
1334 4224 1365 4237 ..
1388 4181 1459 4257 qni-

254 4281 311 4339 bns
335 4280 497 4340 videretur
522 4281 608 4339 illius
632 4281 746 4340 aetatis
771 4281 886 4339 tertius
911 4280 1005 4341 Curio
1032 4285 1129 4363 (cons,
1147 4281 1186 4339 76
1209 4278 1282 4338 died
1304 4279 1345 4337 53
1369 4279 1456 4360 ac.)
