3428 4912
267 308 415 371 lxxxviii
723 322 1007 374 rnorsoounua,

268 496 332 555 and
345 496 388 575 by
400 495 563 573 investing
576 496 626 555 his
642 496 794 556 dramatis
806 514 958 574 personae
969 496 1049 556 with
1062 496 1117 556 the
1131 495 1285 575 requisite
1300 496 1467 557 historicsl

268 594 416 672 coloring.
462 595 529 654 The
552 595 662 655 letters
684 595 720 654 oi
741 596 850 657 Cicero
872 614 944 674 may
958 595 997 655 be
1018 596 1103 656 cited
1117 614 1152 655 as
1167 595 1348 674 accurateiy
1362 614 1468 673 repre·

268 696 396 771 senting
420 695 471 755 his
497 714 567 755 own
591 696 720 755 method
745 696 780 755 of
804 696 975 773 procedure
1001 713 1041 754 no
1066 694 1130 754 less
1153 695 1233 755 than
1254 695 1326 756 that
1349 695 1385 755 of
1409 696 1465 756 the

268 795 410 855 ancients
433 796 467 854 in
489 793 660 872 general.¹²⁸

309 895 357 978 (2)
380 895 446 954 The
462 895 586 955 artistic
605 900 762 954 structure
784 895 847 954 and
868 895 961 973 unity
976 894 1012 954 of
1032 894 1108 972 plan
1129 893 1234 954 which
1255 913 1312 955 our
1333 895 1465 956 treatiss

267 994 388 1054 reveals
411 996 439 1054 is
464 995 497 1054 in
522 994 614 1054 itself
636 994 792 1053 sufficient
817 1001 851 1054 to
876 994 979 1053 refute
1005 994 1060 1053 the
1085 993 1285 1071 supposition
1310 994 1383 1054 that
1408 996 1465 1055 the

266 1094 379 1154 debete
409 1101 588 1173 represents
619 1113 658 1153 an
689 1102 832 1153 accurate
862 1094 925 1152 and
954 1093 1088 1153 faithful
1117 1095 1340 1171 reproduction
1365 1094 1402 1153 of
1424 1114 1466 1155 an

266 1193 416 1270 insomni
430 1195 493 1254 and
510 1194 692 1271 improuised
706 1193 883 1253 discussion
898 1194 1040 1253 between
1055 1194 1202 1254 intimate
1216 1192 1384 1253 friends.¹''

309 1295 356 1378 (3)
380 1294 447 1353 The
473 1293 628 1371 lauguage
654 1299 712 1370 put
738 1294 806 1352 into
829 1292 883 1352 the
906 1292 1033 1352 mouths
1054 1293 1089 1351 oi
1113 1293 1169 1353 the
1191 1292 1415 1353 interlocutors
1437 1294 1466 1353 is

265 1393 503 1471 unmistakably
523 1394 702 1453 Cicerooiaa
716 1393 751 1450 in
765 1391 902 1469 thought
917 1392 980 1451 and
995 1391 1213 1470 phraseology.

307 1494 354 1576 (4)
377 1494 417 1551 In
433 1493 487 1552 the
503 1499 661 1553 structure
679 1491 714 1550 oi
734 1491 789 1551 the
812 1491 966 1568 Dialogus
987 1491 1042 1551 the
1065 1491 1179 1551 author
1201 1490 1258 1551 has
1280 1492 1465 1571 repeatedly

264 1593 483 1669 appropriated
497 1593 649 1652 drarnatic
665 1591 791 1651 devices
806 1591 869 1650 and
884 1591 1019 1650 motives
1035 1592 1118 1650 from
1134 1591 1261 1652 Cicero:

308 1774 340 1809 ¹⁷⁸
353 1775 400 1838 Cp.
412 1789 466 1838 esp.
479 1775 524 1825 the
536 1774 691 1837 dedicatory
704 1773 798 1837 epistle
811 1779 839 1823 to
851 1775 939 1824 Varro
953 1775 999 1838 (ad
1011 1774 1075 1825 iam.
1087 1775 1126 1824 lx
1139 1775 1177 1839 8):
1195 1774 1259 1825 Feci
1271 1774 1354 1837 igitur
1364 1788 1466 1825 sermo-

263 1872 326 1908 nem
339 1858 399 1923 (viz.
410 1859 495 1908 Acad.
506 1860 591 1923 Post.)
605 1860 675 1907 inter
687 1871 736 1907 nos
748 1858 870 1907 habitum
882 1860 910 1906 in
924 1857 1056 1917 Cumano,
1066 1872 1127 1907 curu
1140 1865 1209 1906 esset
1220 1871 1276 1907 uns
1287 1858 1460 1921 Pomponius.

262 1941 324 1991 Tibi
340 1940 403 1991 dedi
420 1948 511 2003 partes
527 1941 707 1990 Antiochinas
724 1954 791 2002 quas
808 1954 825 1990 α
842 1943 867 1990 te
880 1940 989 2001 probari
1008 1941 1164 1990 inteilesisse
1180 1940 1246 1989 irriti
1264 1940 1376 2001 terrear,
1396 1941 1464 1991 mihi

262 2026 363 2087 sumpsi
375 2024 503 2075 Philonis.
539 2025 609 2074 Puto
621 2023 679 2073 iore
691 2030 730 2083 ut,
744 2038 806 2073 curn
819 2023 922 2087 legeris,
937 2024 1033 2073 mirere
1046 2036 1095 2072 nos
1107 2022 1135 2072 id
1147 2023 1250 2073 locutos
1261 2037 1318 2073 esse
1330 2026 1402 2073 inter
1414 2038 1464 2074 nos

261 2108 333 2170 quod
345 2121 488 2170 auraqucm
503 2107 581 2157 locuti
593 2120 684 2156 suarius
695 2105 742 2155 sed
759 2121 836 2155 uosrr
856 2120 955 2155 nonen
975 2120 1158 2156 nrusooonuu
1188 2106 1222 2156 ed
1238 2108 1296 2155 att.
1312 2106 1381 2155 xiil
1395 2106 1463 2167 lus

248 2192 298 2240 ¹sic
316 2191 388 2240 eninr
406 2190 598 2240 constitueram
619 2191 748 2240 nerrrineut
766 2189 897 2239 includere
915 2190 944 2238 ln
961 2189 1078 2251 dialogos
1090 2202 1177 2238 eorum
1190 2190 1236 2251 qui
1249 2190 1379 2239 niwrat.
1395 2226 1402 2239 .
1418 2190 1462 2240 .sl

261 2274 369 2325 Cottam
386 2280 414 2324 et
432 2275 582 2324 Varronem
602 2273 724 2323 iecissem
744 2274 815 2321 inter
832 2286 860 2321 se
878 2272 1065 2334 disputantes.
1081 2309 1088 2323 .
1103 2308 1109 2320 .
1125 2285 1215 2321 meum
1232 2275 1314 2331 κωφὸν
1332 2274 1463 2333 πρόσωπον

260 2366 336 2407 esset.
374 2359 470 2407 hocin
488 2357 607 2420 antiquis
626 2356 746 2406 suaviter
763 2355 794 2405 iit
811 2363 842 2405 ut
859 2361 887 2404 et
905 2354 1077 2405 ilerscieides
1093 2354 1121 2404 in
1140 2354 1231 2404 multis
1248 2362 1277 2404 et
1294 2368 1344 2405 nos
1360 2368 1411 2405 sex
1427 2356 1462 2406 de

260 2441 396 2503 republica
413 2441 488 2490 libris
505 2441 636 2490 fecimus.
653 2478 659 2491 .
677 2477 683 2489 .
698 2446 763 2488 sunt
774 2440 856 2488 etiam
868 2438 902 2487 de
914 2444 1021 2488 oratore
1033 2439 1120 2488 nostrl
1131 2444 1204 2505 tres.
1220 2475 1226 2487 .
1242 2475 1248 2489 .
1260 2451 1343 2499 puero
1360 2452 1401 2489 rue
1417 2438 1462 2491 hio

258 2538 346 2574 sermo
359 2525 496 2573 inducitur
508 2532 539 2573 ut
550 2523 639 2572 nullae
651 2537 709 2572 esse
724 2528 832 2585 possent
844 2528 934 2585 partes
946 2535 1021 2571 meae
1034 2558 1040 2570 .
1054 2558 1060 2571 .
1073 2558 1080 2571 .
1092 2521 1157 2571 haec
1170 2520 1342 2582 Academica,
1356 2528 1387 2571 ut
1398 2523 1460 2583 scis,

259 2622 320 2657 cum
340 2607 445 2667 Catulo,
466 2606 577 2656 Lucullo
599 2607 742 2656 Hortensio
765 2605 939 2655 contuleram.
978 2605 1049 2655 Sane
1066 2606 1095 2654 tu
1110 2617 1237 2665 personne
1255 2618 1308 2654 non
1324 2604 1460 2667 cadebant,

258 2698 336 2740 erant
354 2693 426 2740 enim
446 2694 593 2752 λογικώτερα
612 2705 693 2754 quam
714 2695 745 2738 ut
763 2690 801 2740 iiii
820 2691 854 2739 de
875 2692 908 2740 iis
925 2690 1072 2740 somniasse
1091 2702 1219 2751 umquam
1239 2688 1458 2741 viderentur...

258 2788 371 2823 acumen
390 2775 490 2824 habent
507 2775 643 2834 Antiochi,
665 2790 787 2824 arronem
810 2790 957 2825 onnrronrs
976 2790 1111 2825 sosrnnu.
1150 2773 1185 2824 ad
1202 2774 1294 2835 Quint
1309 2773 1371 2823 irat.
1388 2772 1462 2825 1115

260 2859 432 2921 (conceming
444 2858 488 2907 the
498 2858 561 2921 plan
570 2857 599 2908 oi
611 2859 656 2908 the
665 2859 699 2908 de
711 2859 867 2924 republica),
880 2860 914 2910 ad
927 2861 990 2909 iam.
1002 2859 1015 2908 1
1029 2861 1054 2919 9,
1063 2859 1096 2908 23
1108 2858 1201 2920 scripsi
1214 2857 1295 2921 igitur
1306 2856 1462 2908 Aristotelio

258 2954 328 2991 more
346 2941 572 3004 quemadmodum
591 2942 699 3004 quidem
724 2942 805 3004 volui,
825 2949 880 2992 tres
902 2943 984 2993 libros
1002 2944 1030 2992 in
1050 2943 1231 3006 disputatione
1251 2955 1282 2991 ac
1300 2940 1408 3004 dialogo
1426 2941 1461 2991 de

258 3029 371 3074 oratore.
409 3024 457 3074 See
475 3024 531 3075 also
548 3026 593 3074 the
612 3026 794 3076 introduction
814 3029 843 3079 oi
860 3029 906 3078 the
921 3029 954 3079 de
968 3035 1073 3079 oratore
1085 3029 1139 3079 and
1153 3028 1182 3079 oi
1193 3028 1238 3078 the
1250 3025 1358 3077 Laelius
1371 3025 1407 3090 (1,
1421 3026 1461 3092 4):

258 3107 388 3158 Catonem
402 3108 494 3158 induxi
506 3123 597 3159 senem
610 3112 792 3174 disputantem
810 3115 873 3177 quia
887 3115 960 3163 nulla
974 3114 1107 3165 videbatur
1119 3116 1206 3176 aptior
1219 3125 1332 3174 persona
1344 3110 1461 3173 quaeda

257 3190 304 3240 iiia
315 3198 402 3241 aetate
415 3190 568 3255 loqueretur
581 3231 586 3244 .
603 3231 609 3243 .
626 3232 631 3244 .
650 3196 742 3246 ilonea
757 3197 823 3246 mihi
837 3198 910 3247 Laeli
922 3212 1036 3261 persona
1049 3198 1106 3248 visa
1118 3204 1159 3248 est
1170 3211 1239 3260 quae
1251 3197 1284 3246 de
1296 3194 1417 3246 amicitis
1427 3207 1462 3245 es

258 3274 315 3336 ipsa
334 3274 481 3325 dissereret.
522 3277 610 3328 Genua
635 3282 721 3330 nutem
742 3280 788 3330 hoc
812 3296 960 3333 sernroaum
984 3284 1099 3346 positum
1126 3283 1152 3332 in
1175 3282 1316 3332 hominurn
1336 3286 1461 3330 veterum

257 3359 417 3407 auctoritate
437 3367 575 3410 eteorum
601 3362 744 3413 illustrium
765 3364 825 3427 pius
845 3366 936 3416 nescio
956 3380 1009 3429 quo
1030 3371 1109 3429 pacto
1130 3365 1236 3414 videtur
1255 3364 1354 3414 habere
1373 3364 1462 3426 grevi-

257 3440 328 3491 tatis.

301 3523 333 3558 ¹⁷⁹
344 3524 392 3587 Cp.
407 3526 452 3575 the
470 3528 593 3589 previous
611 3531 723 3595 chapter
741 3536 794 3585 and
812 3537 858 3586 the
878 3539 915 3586 set
933 3538 1059 3599 speeches
1076 3536 1241 3599 throughout
1254 3534 1300 3583 the
1315 3531 1459 3597 Dialogue‚

256 3607 322 3657 with
339 3609 409 3658 their
426 3610 526 3660 careiul
546 3625 764 3668 announcement
789 3622 841 3671 and
860 3623 1023 3685 subsequent
1041 3620 1245 3684 recapitulation
1263 3617 1293 3669 of
1310 3617 1356 3667 the
1373 3618 1462 3681 mpics

256 3690 401 3747 discussed.
416 3708 445 3743 as
463 3696 521 3745 weil
539 3712 570 3748 as
591 3702 636 3751 the
652 3703 787 3753 elaborate
803 3707 971 3767 peroratione
984 3706 1016 3765 (c.
1033 3708 1084 3755 515
1096 3704 1114 3754 i.
1132 3705 1163 3754 iti
1175 3714 1200 3753 ro
1218 3703 1268 3753 i'ir
1287 3704 1337 3752 221
1357 3704 1390 3752 23
1403 3709 1459 3755 ext.

256 3776 308 3823 251
326 3776 440 3825 285i.1t
459 3779 491 3828 32
504 3788 558 3831 ext.
573 3784 627 3833 33³
642 3785 668 3834 ii.
681 3797 704 3836 rs
715 3787 732 3837 i.
749 3787 799 3836 341
812 3787 839 3838 ii.
848 3797 873 3836 so
882 3787 901 3838 i.
917 3789 949 3838 38
959 3792 990 3852 i).
1017 3789 1073 3837 The
1086 3788 1223 3847 following
1235 3786 1405 3849 expressions
1414 3799 1461 3837 ars

256 3857 313 3908 also
325 3866 372 3909 out
384 3860 413 3909 oi
424 3861 499 3924 place
513 3866 539 3914 in
553 3881 587 3917 an
601 3870 764 3933 impromptu
774 3872 977 3921 conversation:
996 3886 1018 3920 e.
1031 3872 1060 3920 14
1072 3880 1095 3920 ts
1108 3870 1329 3920 iucundissimum
1342 3868 1461 3919 obleeta-

257 3950 377 3995 mentum
390 3962 451 3999 cum
465 3953 540 4001 vobis
555 3953 600 4015 qui
618 3955 669 4003 ista
687 3955 831 4017 disputatis
849 3955 984 4009 adierunt.
998 3961 1056 4003 tum
1070 3955 1151 4004 etiam
1165 3955 1199 4003 tis
1212 3954 1247 4003 ad
1258 3968 1370 4016 ortorum
1382 3966 1461 4005 ureret

253 4032 417 4089 pervenerint
447 4036 478 4083 27
490 4045 503 4084 s
515 4050 563 4085 nec
576 4050 623 4085 vos
637 4036 736 4087 offendi
754 4038 859 4087 decebit
874 4040 895 4087 si
911 4038 974 4101 quid
995 4038 1063 4087 iorte
1081 4052 1160 4087 aures
1178 4042 1280 4087 vestras
1297 4037 1462 4099 perstringat

257 4126 318 4161 cum
335 4116 426 4164 solutis
448 4117 515 4167 hauc
533 4132 587 4169 ease
604 4122 659 4169 eius
675 4122 744 4169 rnodi
759 4135 904 4170 sermonum
919 4122 996 4183 legem
1011 4121 1138 4170 iudicium
1153 4120 1236 4170 animi
1248 4119 1317 4169 citra
1328 4119 1460 4169 damnum

257 4196 379 4247 adiectus
394 4199 513 4262 proierre
528 4201 582 4266 (see
594 4203 679 4253 above
690 4204 775 4253 ‘nosti
787 4217 889 4253 morem
902 4203 1096 4269 dialogorum')
1115 4203 1148 4253 32
1159 4211 1186 4253 ³2
1197 4201 1298 4266 quossi
1309 4200 1381 4253 forts
1392 4202 1461 4254 haec

256 4281 399 4332 audierint.
