3428 4912
358 343 418 410 xiv
815 364 1098 416 euoaeaounan.

358 531 489 612 ‘vulgo’
516 535 549 595 in
574 535 629 597 the
654 535 737 612 title,
763 538 826 597 and
851 537 891 597 he
917 556 980 598 was
1007 538 1151 617 strongly
1177 539 1325 617 disposed
1350 547 1383 600 to
1408 541 1551 601 abendon

358 632 535 705 Quintilian
558 634 745 712 altogether,
767 635 898 697 because
921 637 957 696 of
977 637 1209 715 chronological
1231 638 1435 700 difficulties.⁸

400 733 507 794 Doubt
522 733 549 794 is
565 734 758 812 contagione.
803 736 842 796 In
864 736 920 795 the
943 742 1071 814 present
1093 736 1235 798 instance
1254 738 1308 799 the
1327 745 1415 816 great
1430 746 1554 818 reputa-

357 831 426 893 ticn
442 832 545 895 which
560 833 615 894 the
628 833 814 913 ‘sospitator
825 835 944 896 Taciti'
957 835 1144 915 deservedly
1155 839 1299 916 enjoyed,
1311 839 1552 918 unfortunately

357 930 488 994 blinded
510 933 704 1013 subsequent
726 935 866 995 scholare
880 941 914 996 to
929 936 984 997 the
1000 935 1146 1015 palpable
1161 937 1324 997 weakness
1341 938 1376 997 of
1394 938 1444 997 his
1464 957 1553 1015 argu·

358 1038 470 1093 ments.
516 1033 645 1112 Lipsius
673 1033 805 1095 himself
833 1034 938 1095 would
966 1036 1234 1115 unquestionably
1258 1037 1339 1096 have
1368 1037 1552 1098 abandoned

357 1131 454 1206 thern,
480 1131 507 1191 if
531 1133 571 1194 he
594 1133 657 1194 bad
680 1133 759 1194 been
781 1134 852 1195 able
875 1141 909 1194 to
932 1141 1064 1196 account
1088 1136 1137 1195 for
1159 1136 1215 1196 the
1237 1137 1389 1197 manifest
1412 1137 1552 1216 stylistic

357 1229 527 1292 difference
560 1231 701 1293 between
733 1234 788 1293 the
821 1234 974 1311 Dialogus
1007 1235 1069 1294 and
1102 1235 1157 1296 the
1189 1235 1353 1296 historical
1385 1236 1488 1296 works
1517 1238 1553 1297 of

358 1329 496 1405 Tacitus,
513 1331 576 1392 and
596 1331 623 1392 it
643 1331 670 1393 is
691 1333 757 1393 this
774 1339 940 1411 argument
954 1333 1057 1395 which
1073 1334 1131 1394 has
1146 1335 1232 1394 since
1247 1334 1298 1394 his
1313 1336 1375 1413 day
1391 1336 1552 1397 remained

358 1428 413 1490 the
434 1448 494 1490 one
516 1437 604 1508 great
625 1431 764 1493 obstacle
782 1432 817 1492 in
835 1433 889 1494 the
905 1452 975 1512 way
990 1434 1025 1492 of
1038 1452 1058 1493 a
1071 1434 1259 1494 unanimous
1273 1434 1397 1495 verdict
1411 1435 1446 1494 in
1460 1435 1552 1495 favor

358 1528 394 1589 of
406 1528 461 1589 the
478 1529 585 1590 writer
598 1535 633 1590 to
648 1530 751 1590 whom
766 1531 809 1591 all
825 1551 881 1591 our
896 1532 986 1592 MSS.
1003 1533 1156 1592 attribute
1170 1533 1226 1592 the
1241 1533 1404 1609 Dialogue.
1441 1534 1552 1594 Under

357 1626 413 1688 the
427 1627 681 1702 circumstances,
697 1629 852 1704 however,
868 1630 1018 1690 Tacitean
1033 1629 1220 1709 authorship
1235 1633 1360 1691 seemed
1375 1638 1431 1691 out
1445 1633 1480 1692 of
1496 1633 1551 1693 the

358 1725 513 1804 question.
545 1726 731 1802 Quintilian,
758 1727 792 1787 in
817 1729 900 1806 spite
923 1729 958 1788 of
980 1729 1118 1807 Lipsius'
1144 1729 1234 1802 later,
1258 1730 1356 1790 albeit
1379 1733 1552 1792 somewhat

358 1825 570 1887 half-hearted
582 1826 762 1901 retraction,
778 1827 841 1887 had
856 1828 911 1888 the
926 1835 1009 1888 most
1024 1828 1230 1907 supporters,⁴
1242 1828 1403 1889 doubtless
1418 1830 1551 1891 because

399 1991 459 2042 'hs
471 1991 586 2055 Lipsius’
600 1991 666 2043 iinal
683 1998 824 2044 uttemnce
842 2006 877 2044 on
894 1994 949 2043 this
960 1993 1073 2057 subject,
1088 1995 1116 2044 in
1128 1995 1170 2044 hia
1180 1994 1283 2044 edition
1296 1994 1325 2045 oi
1338 1996 1411 2057 1585,
1425 1996 1552 2060 virtuaily

357 2073 503 2136 custodies,
518 2074 619 2139 though
637 2074 665 2125 in
682 2088 757 2126 some
774 2089 849 2126 cases
866 2076 930 2139 only
948 2077 976 2126 in
994 2076 1120 2137 solution,
1135 2083 1206 2126 most
1223 2077 1252 2126 of
1268 2077 1315 2126 the
1332 2077 1481 2140 objections
1491 2081 1554 2130 sub

357 2158 498 2223 sequentiy
512 2157 596 2222 urged
608 2157 713 2222 against
724 2158 770 2208 the
782 2159 911 2210 Tacitean
927 2160 1086 2223 authorship
1098 2160 1126 2210 of
1144 2160 1189 2209 the
1206 2159 1345 2223 Dialogus,
1360 2161 1382 2209 it
1393 2161 1447 2210 will
1459 2166 1508 2212 not
1519 2163 1553 2212 be

356 2248 406 2293 out
417 2240 447 2291 oi
457 2240 542 2305 place,
556 2246 585 2291 to
603 2241 655 2291 cite
672 2241 718 2291 the
735 2255 846 2305 passage
859 2241 886 2292 in
899 2241 965 2293 iuli:
986 2242 1120 2306 ‘Scriptor
1137 2248 1228 2292 tamen
1247 2243 1302 2306 ipse
1320 2244 1445 2294 incertus.
1483 2245 1552 2295 Nam

355 2324 481 2376 Tacitum
503 2322 593 2385 fuisse,
615 2323 661 2386 qui
682 2323 812 2375 credam?
847 2325 938 2386 Staius
957 2325 1031 2375 auide
1051 2325 1150 2386 abnuit
1172 2325 1252 2389 idque
1273 2339 1328 2376 non
1349 2325 1433 2376 fallax
1454 2327 1482 2376 in
1502 2327 1553 2378 hoc

355 2420 453 2471 genere
473 2411 680 2471 argumentum:
707 2406 794 2470 stylus
817 2406 845 2457 ln
865 2408 969 2468 Tacito,
991 2408 1153 2458 constrictus
1175 2409 1283 2471 ubique,
1305 2413 1385 2469 teres,
1408 2415 1504 2459 acutus
1526 2416 1554 2460 et

354 2504 464 2543 ”vertis
475 2491 561 2553 magis
572 2503 654 2553 quarn
666 2488 786 2553 lepidus:
804 2490 848 2541 hic
861 2492 953 2541 omnia
964 2497 1066 2542 eontra.
1100 2491 1146 2555 (So
1159 2490 1215 2541 also
1227 2491 1379 2552 Andresem
1394 2491 1464 2542 Eini.
1479 2507 1505 2556 p.
1520 2494 1552 2543 9:

356 2573 413 2625 llcr
424 2573 474 2624 iitll
485 2573 533 2624 des
546 2574 579 2623 i).
594 2574 642 2623 hat
654 2573 704 2623 mit
715 2572 776 2622 dem
794 2573 973 2623 historischen
991 2574 1041 2625 Stil
1058 2574 1106 2623 des
1122 2575 1232 2624 Tacitus
1249 2575 1334 2624 aistis
1351 2576 1479 2642 gemein.)
1510 2577 1554 2627 dt

355 2657 456 2709 mutari
468 2658 490 2707 is
503 2657 531 2707 in
543 2662 633 2707 aetate
645 2661 693 2706 aut
704 2663 864 2720 argumento
876 2663 974 2720 potest,
989 2657 1122 2721 inquiunt.
1160 2658 1221 2706 Non
1237 2671 1321 2721 nego:
1339 2658 1385 2707 sed
1404 2672 1553 2722 numquam

356 2741 395 2792 ita
406 2746 437 2791 ut
448 2741 528 2791 abeat
539 2752 649 2804 prorsus
660 2752 677 2789 a
687 2752 753 2791 sese.
785 2739 921 2803 Quidquid
934 2740 1029 2790 Cicero
1040 2740 1147 2803 scripsit
1157 2753 1249 2801 senex,
1261 2741 1365 2790 iuvenis
1376 2741 1550 2805 philologum,

355 2824 552 2889 philosophum,
568 2823 596 2873 in
609 2823 641 2873 ils
652 2828 744 2873 tamen
762 2822 921 2873 liniamenta
938 2823 1071 2886 quaedam
1087 2829 1218 2886 apparent
1229 2823 1349 2873 eiusdem
1361 2824 1451 2874 viriet
1463 2825 1553 2874 vuitus

354 2909 532 2959 ...micum
550 2907 629 2957 stiam
644 2905 710 2968 side,
725 2906 749 2955 sl
762 2920 814 2956 aon
822 2908 932 2968 pugnat.
970 2906 1021 2956 liic
1038 2906 1153 2968 scriptor
1168 2919 1320 2956 sermonem
1338 2906 1410 2957 hune
1428 2908 1551 2957 habiturn

354 2989 459 3041 inducit
477 2994 554 3039 sexto
573 2988 696 3039 Flaviani
715 2988 821 3052 imperil
839 3002 926 3039 anno:
950 2990 1028 3051 eique
1047 2989 1200 3039 interfuisse
1217 3003 1246 3039 se
1263 2990 1405 3039 admodum
1424 2991 1548 3041 tuamen.

354 3072 497 3137 Quomodo
518 3086 581 3123 vero
601 3078 666 3122 tuno
687 3071 834 3122 admodum
858 3072 962 3121 iuvenis
981 3072 1099 3133 Tacitus,
1121 3072 1144 3121 sl
1165 3073 1280 3122 honores
1302 3073 1385 3123 etiam
1408 3074 1479 3136 cepit
1501 3074 1552 3124 sub

354 3157 540 3221 Vespasiano.
557 3191 585 3206 ..
624 3154 676 3204 Sed
697 3154 857 3216 acanplariu
877 3156 967 3204 carnia
990 3154 1078 3204 Tacito
1099 3154 1193 3204 librum
1213 3155 1281 3204 hanc
1302 3158 1428 3205 asserum.
1475 3156 1550 3218 Quae

354 3239 420 3292 illa?
444 3239 490 3289 vix
508 3239 574 3288 bina
592 3243 640 3289 aut
658 3243 737 3287 terna
755 3237 835 3287 credo
854 3250 886 3287 ea
905 3251 961 3287 esse
979 3237 1006 3286 in
1026 3237 1099 3286 omni
1119 3238 1236 3300 Europa,
1257 3251 1325 3300 quae
1346 3243 1402 3287 tam
1424 3237 1503 3288 facile
1523 3247 1551 3288 et

353 3336 469 3389 pronum
490 3328 531 3372 eat
552 3320 595 3371 hio
616 3320 724 3370 mentiri
745 3334 826 3383 quarn
847 3321 874 3370 in
895 3320 955 3371 aliis
975 3320 1049 3369 libris
1071 3334 1158 3382 saepe.
1205 3320 1257 3370 Sed
1280 3322 1362 3370 etiam
1385 3321 1550 3383 Pomponius

353 3406 475 3458 dabisne.
514 3404 541 3455 Is
560 3404 642 3467 igitur
659 3403 775 3453 Sabinus
794 3403 897 3454 mediae
917 3403 1014 3453 aetatis
1030 3403 1221 3465 grammaticus
1241 3403 1268 3452 ln
1290 3417 1399 3453 carmen
1419 3403 1453 3452 de
1473 3405 1549 3454 obitu

354 3487 534 3541 Maecenatis:
561 3485 702 3537 i‘orrrclius
725 3486 834 3536 Tacitus
857 3485 974 3549 appellat
996 3485 1097 3547 scripta
1117 3486 1282 3535 Maecenat-is
1301 3485 1475 3536 calamistros
1500 3502 1548 3536 neo

353 3586 451 3635 negem
469 3578 540 3620 corte
557 3582 699 3633 quaesumus
711 3569 776 3632 quin
789 3569 812 3618 is
823 3568 898 3618 locus
909 3568 1041 3632 hodieque
1054 3568 1081 3617 in
1093 3568 1144 3618 hoc
1156 3567 1246 3617 libello
1258 3574 1352 3618 exstet.
1367 3568 1431 3630 quid
1443 3569 1547 3618 dicami

351 3656 422 3707 serio
441 3661 468 3704 ct
487 3654 611 3717 ingenue,
632 3651 699 3701 niiril
718 3666 761 3702 me
780 3652 889 3702 credam
908 3652 970 3701 huic
989 3651 1100 3713 ignobili
1119 3651 1228 3709 Sabino,
1247 3652 1294 3714 qui
1312 3665 1346 3700 ex
1364 3653 1448 3701 reteri
1466 3654 1548 3702 verbo

351 3738 497 3791 annrniatit
508 3737 622 3786 fortuma
636 3735 708 3798 quod
721 3735 806 3785 riilnit
820 3738 839 3798 (i
850 3739 867 3799 i)
881 3772 887 3784 .
903 3771 909 3784 .
926 3772 931 3784 .
970 3734 1137 3785 incommodi
1152 3734 1216 3796 quid
1229 3735 1280 3783 erit
1291 3735 1346 3784 sive
1357 3735 1452 3784 Tacito
1464 3736 1548 3784 tribu-

352 3836 430 3874 amus
440 3821 495 3870 sivc
509 3821 544 3870 bi.
562 3820 645 3870 Fabio
659 3818 826 3882 Quintiliano
838 3821 867 3867 nt
879 3818 944 3867 inihi
956 3818 1018 3867 oiim
1031 3819 1116 3866 cisum
1128 3821 1172 3867 est.
1188 3832 1251 3867 nam
1263 3823 1292 3866 et
1303 3817 1387 3877 aptas
1399 3819 1455 3878 ipse
1466 3818 1548 3879 plane

351 3907 472 3970 miniatis
483 3910 511 3952 ot
524 3902 567 3952 iiic
579 3918 607 3953 aa*
620 3903 651 3953 tic
663 3904 751 3953 cnissis
762 3905 899 3963 corruptae
910 3901 1071 3964 eloquentiae
1081 3901 1216 3963 scripsisse
1228 3899 1289 3962 plus
1300 3914 1355 3949 uno
1367 3899 1426 3949 loco
1435 3900 1546 3949 fatetur:

352 4002 432 4054 quom
444 3986 554 4037 titulum
567 3986 644 4037 raldo
657 3988 809 4050 appositum
821 3985 877 4034 acio
889 3984 951 4034 hnic
963 3991 1122 4047 argrrnrento
1135 4021 1140 4032 .
1155 4022 1160 4033 .
1174 4021 1179 4033 .
1195 3986 1268 4032 aeias
1280 3989 1372 4033 tamen
1387 3983 1548 4045 Quintiliani

351 4071 442 4137 paullo
453 4071 581 4133 pmndior
592 4070 674 4121 iuime
687 4070 794 4119 vitietur
805 4082 886 4132 qnam
898 4074 930 4116 ut
940 4066 983 4116 hic
995 4080 1083 4116 senno
1095 4066 1203 4116 habitus
1213 4067 1249 4114 sit
1261 4065 1307 4115 ilio
1320 4067 1422 4114 iuvene.
1453 4066 1546 4127 Itaque

351 4156 459 4219 ambigo
470 4162 498 4205 ct.
510 4169 572 4205 cum
585 4154 671 4204 multa
681 4153 806 4211 dixerim,
820 4151 916 4202 claudo
933 4157 1026 4200 tamen
1038 4150 1130 4199 omnia
1141 4158 1169 4199 et
1179 4150 1256 4213 signo
1268 4148 1318 4199 hoc
1330 4163 1466 4211 responso,
1480 4149 1547 4197 mihi

351 4240 548 4371 ⁸mliiiqriwers‘cn
565 4319 621 4370 iind
642 4317 819 4381 “Quinctii''
839 4315 926 4367 added
945 4323 973 4367 to
990 4316 1036 4365 the
1053 4315 1112 4365 title
1129 4314 1159 4365 oi
1178 4328 1228 4364 our
1246 4315 1354 4364 treatise
1373 4314 1401 4363 in
1420 4315 1465 4363 the
1484 4315 1542 4364 cod.

352 4404 570 4457 vindobonensis
586 4403 645 4465 361,
659 4403 708 4453 but
725 4402 790 4465 bys
806 4399 933 4450 diiiereut
949 4399 1022 4449 hand
1040 4397 1094 4449 and
1112 4398 1140 4447 in
1157 4396 1283 4447 different
1300 4397 1356 4446 inie
1393 4397 1450 4447 Tire
1465 4410 1545 4447 name
