3428 4912
808 354 837 404 e.
858 355 898 406 ar.
1384 338 1449 401 303

256 526 389 586 dicendo
404 526 564 586 Platone?
608 528 715 587 Iovem
731 527 786 601 sic,
802 528 892 588 aiunt
908 527 1100 605 philosophi,
1116 526 1144 586 si
1161 528 1277 588 Graece
1293 527 1451 604 loquatur,

257 624 344 703 loqui
368 625 565 710 (=Dionys.
590 627 637 686 De
660 628 748 686 Dem.
772 628 813 687 23
849 627 933 685 Plut.
959 626 1021 688 Cic.
1045 626 1100 704 24)
1125 626 1210 685 Orat.
1232 627 1281 700 19,
1298 627 1337 685 62
1359 626 1451 703 longe

257 725 406 800 omnium,
423 726 611 804 quicumque
627 726 822 804 scripserunt
837 734 892 786 aut
906 726 1004 786 locuti
1020 733 1094 786 sunt
1109 727 1235 786 exstitit
1249 733 1281 786 ct
1297 727 1451 804 gravitate

258 830 290 884 et
304 825 461 885 suavitate
477 827 625 905 princeps
656 829 729 887 Tus.
743 828 832 904 Disp.
846 828 862 885 Ι
878 829 928 902 32,
944 831 984 889 79
1018 826 1122 896 Quint.
1137 828 1168 886 X
1178 828 1206 897 1,
1219 827 1258 885 81
1274 827 1350 896 Quis
1366 827 1453 886 dubi-

257 930 305 984 tet
319 925 484 985 Platonem
499 945 568 986 esse
590 927 794 1004 praecipuum
817 972 823 985 .
842 972 872 985 ..
895 926 1064 1004 eloquendi
1087 926 1239 985 facultate
1257 926 1367 986 divina
1381 946 1454 1004 qua-

257 1024 330 1083 dam
356 1030 389 1084 ct
414 1026 611 1085 Homerica?
641 1026 777 1084 multum
806 1026 890 1084 enim
920 1045 1016 1103 supra
1044 1045 1169 1103 prosam
1200 1025 1372 1084 orationem

259 1123 368 1200 surgit,
384 1131 421 1183 ut
436 1125 515 1183 mihi
530 1144 592 1183 non
608 1125 746 1184 hominis
762 1125 889 1202 ingenio
908 1126 962 1184 sed
985 1126 1121 1203 quodam
1144 1125 1291 1202 Delphici
1308 1125 1453 1184 videatur

259 1223 385 1282 oraculo
400 1224 451 1283 dei
466 1224 636 1284 instinctus
673 1224 755 1283 l’lin.
773 1225 830 1301 Ep.
849 1225 929 1298 110,
946 1226 965 1283 5
988 1225 1185 1284 Platonicam
1206 1224 1294 1283 illam
1314 1224 1453 1283 sublimi-

258 1328 365 1382 tatem.
410 1323 540 1401 Dionys.
556 1323 578 1382 l.
592 1343 616 1382 e.
633 1328 707 1387 τινὲς
725 1323 836 1392 ἀξιοῦσι
854 1327 966 1384 πάντων
986 1327 1072 1385 αὐτὸν
1092 1325 1257 1398 ἀποφαίνειν
1278 1323 1455 1398 φιλοσόφων

258 1423 349 1481 τεκαὶ
364 1421 494 1501 ῥητόρων
508 1426 676 1502 ἑρμηνεῦσαι
691 1426 727 1483 τὰ
741 1426 893 1502 πράγματα
915 1423 1134 1499 δαιμονιώτατον
1176 1426 1248 1501 Περὶ
1263 1423 1352 1500 ὕψους
1368 1424 1416 1496 13,
1433 1425 1450 1483 1

259 1523 276 1581 ὅ
290 1524 432 1582 Πλάτων.
450 1564 457 1579 ·
475 1567 482 1580 .
495 1526 615 1601 τοιούτῳ
628 1524 683 1583 τινὶ
698 1526 816 1603 χεύματι
832 1524 961 1600 ἀψοφητὶ
977 1524 1054 1599 ῥέων,
1068 1522 1148 1583 οὐδὲν
1161 1521 1250 1598 ἦττον
1263 1523 1451 1601 μεγεθύνετιιι.

256 1621 481 1697 -Xenophon
499 1621 748 1682 iucunditatem:
777 1621 824 1681 Cf.
850 1621 912 1681 Cic.
937 1621 1022 1680 Orat.
1047 1623 1075 1693 9,
1097 1622 1137 1680 32
1163 1621 1251 1680 ouius
1278 1640 1379 1680 sermo
1405 1628 1454 1681 est

260 1718 313 1779 ille
343 1719 469 1798 quidem
499 1721 592 1780 melle
622 1721 744 1780 dulcior
780 1722 829 1794 19,
847 1722 886 1780 62
913 1721 952 1779 X.
977 1740 1052 1779 voce
1079 1722 1188 1779 Musas
1214 1721 1304 1798 quasi
1331 1721 1453 1781 locutas

259 1819 367 1879 ferunt
394 1827 448 1903 (=
458 1820 563 1889 Quint.
583 1822 614 1879 X
635 1822 663 1893 1,
685 1821 739 1898 33)
776 1821 1013 1892 Brut.35,132
1043 1819 1132 1878 molli
1161 1827 1194 1878 et
1223 1821 1454 1898 Xenophonteo

260 1938 370 1995 genere
386 1919 539 1978 sermonis
576 1921 614 1979 de
630 1927 706 1978 orat.
724 1921 759 1978 Il
776 1921 826 1993 14,
842 1920 882 1979 58
904 1919 982 1977 with
997 1919 1147 1977 ll'ilkins’
1164 1926 1245 1978 note.
1280 1920 1349 1979 Val.
1367 1922 1451 1980 Max.

259 2018 288 2077 V
302 2019 341 2077 10
364 2024 427 2078 ext.
459 2019 566 2089 Quint.
583 2021 614 2078 X
630 2021 658 2093 1,
674 2021 714 2079 82
737 2019 814 2096 quid
836 2038 893 2095 ego
915 2001 1153 2078 commemorem
1175 2021 1214 2078 X.
1235 2020 1455 2078 iucunditatem

259 2117 347 2177 illam
363 2117 590 2179 inadfectatam
612 2120 667 2178 sed
688 2138 783 2196 quam
804 2118 893 2177 nulla
912 2118 1062 2195 consequi
1078 2119 1251 2177 adfectatio
1266 2119 1396 2196 possit?
1421 2126 1454 2179 ut

260 2217 346 2296 ipsae
362 2237 536 2278 sermonem
552 2217 681 2278 finxisse
698 2218 827 2278 Gratiae
843 2218 1012 2277 videantur
1028 2264 1072 2276 ...
1091 2218 1123 2276 in
1138 2218 1235 2277 labris
1251 2218 1318 2277 eius
1335 2219 1453 2278 sedisse

258 2319 417 2394 quandam
442 2318 653 2395 persuadendi
682 2319 773 2377 deam
816 2317 945 2394 Dionys.
970 2318 1027 2394 Ep.
1052 2318 1092 2376 ad
1114 2318 1223 2394 Pomp.
1246 2319 1267 2375 4
1288 2320 1456 2397 συντίθησιν

257 2420 330 2478 αὐτὸ,
346 2422 401 2500 (SC.
418 2421 454 2478 τὸ.
473 2417 639 2498 πράγματα)
656 2418 743 2495 ἡδέως
758 2420 829 2477 πάνυ
844 2418 889 2476 καὶ
905 2418 1111 2496 κεχαρισμένως
1141 2417 1179 2475 (le
1196 2436 1294 2495 comp.
1312 2417 1396 2476 verb.
1415 2419 1454 2477 10

259 2517 345 2593 ἡδέως
359 2520 418 2594 μὲν,
435 2516 470 2582 ὥς
485 2520 524 2578 ε’νι
539 2521 675 2594 μάλιστα,
692 2521 726 2577 οὐ
747 2520 804 2594 μὴν
825 2520 916 2580 καλῶς
938 2543 979 2595 γε,
998 2516 1045 2591 ἐφ’
1062 2519 1132 2577 ὅσον
1150 2517 1204 2576 ἔδει
1240 2518 1344 2576 Laert.
1361 2517 1451 2593 Diog.

258 2616 349 2676 Ι157
372 2622 499 2677 ε’καλεῖτο
519 2617 547 2676 δὲ
570 2619 615 2676 καὶ
635 2616 755 2694 Ἀττικὴ
777 2622 881 2676 Μοῦσα
901 2620 1059 2695 γλυκύτητι
1079 2620 1129 2691 τῆς
1152 2618 1297 2694 ἑρμηνείας
1342 2616 1453 2676 Suidas

257 2734 326 2775 8.1’.
350 2715 469 2795 Ἀττικὴ
491 2717 612 2793 μέλιττα
634 2719 839 2792 ἐπωνομάζετο.

298 2817 338 2875 29
361 2817 494 2894 Epicuri
506 2854 512 2865 ·
526 2854 532 2866 ·
548 2854 554 2865 ·
571 2820 602 2878 et
620 2816 811 2877 Hetrotlori:
829 2816 878 2875 On
891 2815 1044 2891 Ephorus
1056 2816 1091 2873 of
1106 2815 1215 2875 Samos
1228 2816 1453 2899 (342s1-270),

257 2932 308 2975 see
333 2915 443 2989 Zeller,
470 2917 574 2976 Gesclr.
598 2918 626 2974 d.
650 2916 760 2991 yriecli.
785 2916 903 2972 Philas.
929 2915 982 2972 III
1005 2916 1033 2987 1,
1057 2916 1118 2973 363
1135 2914 1166 2972 ff.
1195 2914 1258 2973 and
1284 2915 1453 2988 Susemihl,

263 3015 365 3075 Gcscla
390 3018 443 3075 der
467 3017 577 3092 presoli.
605 3016 667 3073 Lit.
695 3016 729 3073 ia
758 3017 812 3073 der
833 3014 1120 3072 Alexandriuerxeit
1149 3015 1165 3072 Ι
1192 3033 1221 3091 p.
1248 3016 1360 3073 87-97.
1406 3015 1454 3074 On

257 3115 446 3174 Metrodorus
468 3116 502 3173 ol
524 3116 716 3191 Lampsacus
734 3114 953 3197 (eaesae-217
970 3132 998 3171 1.
1012 3112 1064 3189 o),
1081 3113 1131 3171 his
1154 3113 1290 3172 favorite
1309 3114 1453 3192 disciple,

256 3214 320 3273 and
334 3214 436 3274 called
450 3215 493 3293 by
509 3215 572 3275 Cic.
589 3214 627 3273 de
643 3214 695 3272 fin.
713 3215 748 3272 11
764 3214 814 3284 28,
831 3214 870 3273 92
889 3232 988 3291 paene
1004 3213 1085 3271 alter
1100 3212 1266 3288 Epicurus,
1282 3232 1334 3271 see
1352 3213 1455 3272 Zeller

257 3314 310 3373 III
327 3316 356 3388 1,
371 3315 432 3374 368
455 3319 528 3373 note
550 3317 578 3374 3.
602 3314 665 3373 and
688 3312 845 3372 Susemihl
862 3313 922 3389 lp.
940 3313 1072 3371 ire-100.
1083 3312 1282 3373 —honeetae
1301 3314 1455 3390 quasdam

257 3415 519 3476 exclamationes:
553 3414 619 3473 The
644 3414 804 3472 reference.
828 3412 855 3470 is
881 3418 914 3470 to
940 3412 994 3470 the
1021 3411 1114 3488 pithy
1137 3410 1234 3469 moral
1262 3412 1395 3471 maxims
1420 3414 1455 3471 of

255 3513 421 3592 Epicurus,
436 3513 769 3591 (31111911προςφωνήσεις
784 3531 818 3570 01
834 3513 1089 3589 ἅνακρανγάσματο
1104 3513 1173 3587 lepti,
1189 3512 1224 3569 of
1238 3510 1341 3569 which
1358 3511 1454 3570 latter

257 3611 422 3673 ‘honestae
438 3612 699 3672 exclamationes'
715 3630 816 3670 seems
833 3617 865 3669 to
880 3610 918 3669 be
934 3629 952 3668 a
967 3609 1165 3668 translation.
1205 3610 1253 3670 Cf.
1268 3610 1330 3669 Cic.
1345 3611 1383 3669 de
1399 3609 1451 3670 fin.

256 3712 289 3771 II
307 3715 355 3787 16,
372 3714 411 3772 51
435 3713 552 3790 itaque,
576 3713 742 3788 Torquate,
769 3730 839 3770 cunr
869 3709 999 3781 diceres,
1026 3710 1160 3768 clamore
1189 3709 1360 3785 Epicurum
1389 3729 1454 3769 non

255 3832 346 3890 posse
373 3812 508 3872 iucunde
534 3811 610 3885 vivi,
633 3810 697 3869 nisi
720 3811 851 3869 honeste
874 3816 906 3868 et
929 3809 1089 3885 sapienter
1115 3816 1147 3866 et
1173 3809 1254 3867 iuste
1282 3809 1451 3869 viveretur.

255 3911 344 3990 They
359 3913 482 3971 formed
497 3911 620 3989 partos
633 3911 687 3969 the
704 3914 794 3987 κύριαι
810 3908 898 3980 δόξαι,
911 3927 951 3966 on
967 3907 1072 3966 which
1087 3926 1138 3965 see
1157 3908 1287 3980 Usener,
1302 3910 1454 3985 Epicur-co

254 4029 283 4089 p.
301 4012 402 4071 71-81
427 4011 586 4071 Susemihl
609 4011 625 4068 I
648 4012 687 4070 93
710 4009 865 4067 11111420
888 4007 950 4066 and
966 4008 1000 4065 E.
1018 4007 1164 4073 Thomas.
1182 4007 1260 4065 Eine
1285 4008 1392 4066 Studie
1415 4031 1453 4067 aa

255 4112 312 4171 den
326 4111 563 4187 Epirmrer'sclrca
580 4110 734 4186 Spriielren
751 4108 784 4166 in
800 4110 929 4165 Hermes
944 4106 1075 4165 XXVII
1091 4126 1120 4182 p.
1138 4106 1248 4164 22-35.

296 4213 334 4272 31
359 4229 460 4289 neque
478 4212 563 4272 enim
582 4211 756 4288 sapientem
775 4209 982 4268 informemus
1005 4213 1072 4264 etc:
1097 4206 1129 4263 It
1146 4205 1171 4263 is
1188 4210 1243 4263 not
1259 4213 1452 4282 1111111111-

253 4309 333 4385 tion,
362 4329 436 4389 says
467 4309 628 4382 Messalla,
658 4309 728 4367 thot
760 4307 815 4365 the
849 4312 955 4365 orator·
984 4304 1098 4364 should
1127 4305 1164 4364 be
1194 4324 1212 4363 a
1241 4305 1451 4382 professional
