3428 4912
258 338 322 403 296
787 358 911 410 uorns

257 528 418 607 Dialogus,
434 531 485 591 for
506 549 587 591 none
603 531 637 591 of
658 531 713 592 the
735 532 826 591 other
848 532 1007 610 examples
1023 551 1080 593 can
1099 534 1137 593 bo
1152 536 1324 595 accounted
1339 535 1389 595 for
1411 555 1452 595 on

256 629 311 688 the
335 649 420 690 same
444 630 560 690 motive
576 633 583 690 1
591 632 874 693 —dcclamarent:
901 633 968 691 The
993 634 1080 692 word
1105 633 1314 693 ‘declamare’
1340 634 1373 693 in
1397 635 1452 694 the

256 747 347 789 sense
362 731 397 788 01
417 749 437 789 a
458 730 626 790 rhetorical
649 731 788 790 exercise
810 731 880 790 first
894 751 980 791 carne
996 732 1064 792 into
1079 752 1178 809 vogue
1200 733 1233 792 iu
1248 733 1303 793 the
1318 735 1396 793 time
1418 735 1454 793 01

257 829 375 903 Cicero,
391 848 425 888 as
441 849 488 888 wc
509 830 597 890 learn
619 831 700 889 110111
717 831 779 891 Cic.
798 832 885 890 Brut.
903 833 953 905 90,
969 833 1029 891 310
1052 833 1286 892 commentabar
1307 834 1454 893 declami-

256 929 433 990 tans—sic
449 929 533 989 enim
548 949 632 990 nunc
647 930 819 1008 loquuntur
834 932 897 990 and
911 931 993 989 from
1017 932 1087 991 Seu.
1105 933 1210 993 Contr.
1227 931 1244 990 1
1261 952 1395 1010 prooem.
1413 934 1457 992 12

256 1029 451 1089 declamabat
466 1035 572 1088 autem
588 1030 696 1091 Cicero
711 1049 773 1088 11011
786 1030 896 1107 quales
912 1049 994 1089 nunc
1009 1031 1240 1090 controversias
1256 1032 1409 1091 dicimus.
1424 1078 1430 1090 .
1445 1077 1452 1092 .

255 1128 326 1206 ipsa
348 1129 571 1189 ‘declamatio'
586 1129 671 1205 apud
687 1129 808 1188 nullum
825 1130 991 1207 antiquum
1007 1137 1166 1189 auctorem
1180 1138 1254 1190 ante
1270 1131 1453 1192 Ciceronem

255 1234 288 1287 et
303 1228 434 1289 Calvum
450 1228 586 1287 inveniri
603 1235 709 1306 potest
724 1228 778 1306 qui
794 1229 1055 1288 declamationem
1070 1249 1090 1289 a
1107 1230 1245 1289 dictione
1260 1231 1431 1307 distinguit
1445 1255 1453 1305 3

255 1328 301 1387 ait
316 1328 399 1387 enim
415 1327 590 1388 declamare
613 1328 676 1387 ianr
698 1347 731 1387 se
753 1347 817 1386 non
839 1329 1048 1403 mediocriter,
1066 1329 1170 1389 dicere
1191 1329 1295 1403 bene3
1316 1330 1454 1389 alterum

255 1434 347 1505 putat
362 1428 551 1488 domesticae
567 1427 805 1487 exercitationis
821 1447 899 1501 esse,
916 1428 1049 1488 alterum
1066 1447 1158 1488 verae
1173 1429 1315 1488 actionis

297 1530 316 1588 3
339 1529 421 1589 dotis
440 1545 515 1589 nec·
532 1565 537 1576 ·
554 1564 560 1576 ·
576 1527 617 1588 ad
634 1528 803 1589 veritatem
827 1528 1048 1589 accedentibus
1066 1529 1288 1593 controversiis
1307 1536 1380 1588 etc:
1405 1529 1454 1590 On

255 1628 320 1688 this
347 1628 479 1706 subject,
507 1646 559 1686 see
585 1634 675 1686 notes
702 1646 726 1687 c.
744 1628 784 1687 35
811 1627 1119 1687 (111-(310010111οη
1149 1627 1390 1687 reminiscences
1420 1629 1454 1687 in

255 1729 392 1804 thought
407 1728 469 1786 and
484 1726 603 1786 diction
619 1745 672 1785 are
688 1725 896 1803 particularly
911 1726 1073 1785 abundant
1088 1726 1121 1784 in
1136 1727 1202 1786 this
1218 1727 1356 1805 chapter.
1403 1728 1453 1790 cf.

256 1827 564 1899 1100101.Ι33,149
586 1825 733 1903 equidem
749 1825 846 1903 probo
869 1825 932 1884 ista
955 1870 1010 1884 ...
1034 1831 1079 1899 ut,
1103 1845 1198 1885 causa
1218 1825 1326 1904 aliqua
1348 1827 1456 1904 posita

256 1927 413 1988 consimili
429 1945 592 1985 causarum
609 1944 716 1984 earum
732 1944 811 2002 quae
833 1925 865 1983 in
889 1926 993 1984 forum
1016 1926 1211 1999 deferuntur,
1228 1926 1342 1985 dicatis
1358 1946 1455 2004 quam

257 2029 391 2087 maxime
417 2026 458 2085 ad
482 2025 651 2084 veritatem
677 2025 922 2097 adcommodata,
947 2026 1003 2084 sed
1025 2025 1169 2102 plerique
1195 2025 1229 2083 in
1258 2025 1316 2085 hoc
1345 2045 1454 2085 vocem

257 2128 357 2200 n10d0,
375 2144 475 2204 neque
501 2144 568 2184 eam
593 2124 739 2197 scienter,
755 2130 788 2183 et
802 2123 880 2182 viris
896 2130 1044 2183 exercent
1066 2129 1186 2184 suaset
1206 2124 1333 2201 linguae
1347 2125 1455 2185 celeri-

256 2233 354 2287 tatem
370 2226 514 2285 incitant.
553 2225 672 2296 11130,
689 2224 747 2282 121
772 2223 852 2282 hanc
870 2224 910 2282 ad
932 2223 1191 2282 consuetudinem
1215 2224 1454 2284 exercitationis

257 2347 311 2386 vos
328 2373 334 2384 .
352 2372 358 2384 .
376 2372 383 2384 .
400 2325 582 2385 cohortatus
598 2323 756 2382 Antonius
772 2328 866 2400 atque
882 2341 901 2382 a
915 2322 1047 2381 minutis
1069 2323 1274 2400 angustisque
1297 2331 1456 2384 concerta·

256 2427 395 2485 tionibus
418 2425 459 2484 ad
480 2442 604 2482 omnem
620 2423 685 2481 viru
703 2422 950 2499 varietatemque
967 2440 1022 2481 vos
1045 2422 1221 2481 disserendi
1244 2424 1454 2482 traducendos

258 2526 400 2603 putavit.
419 2570 425 2583 .
443 2542 526 2583 .non
541 2523 626 2581 enim
641 2522 743 2581 solum
754 2522 895 2581 acuenda
909 2522 999 2580 nobis
1011 2540 1113 2598 neque
1129 2522 1330 2598 procudenda
1343 2522 1456 2599 lingua

257 2632 314 2697 est,
331 2626 387 2684 sed
409 2623 602 2683 onerandum
624 2621 906 2698 complendumque
931 2627 1040 2698 pectus
1064 2621 1272 2680 maximarum
1295 2640 1399 2680 rerum
1422 2629 1455 2681 et

256 2725 463 2802 plurimarum
479 2722 647 2794 suavitate,
663 2721 761 2798 eopia,
778 2721 942 2780 varietate.

298 2827 317 2884 5
340 2823 485 2886 debonis
503 2827 535 2883 et
552 2822 658 2893 malis,
674 2827 752 2879 etc:
776 2819 795 2878 i.
810 2839 835 2879 e.
852 2820 1004 2896 touching
1018 2820 1073 2879 the
1089 2821 1169 2896 good
1184 2822 1246 2880 and
1263 2822 1324 2880 bad
1343 2820 1455 2898 things

257 2925 289 2982 in
314 2924 380 2996 life,
396 2923 452 2982 the
474 2920 625 2999 practical
647 2920 737 2978 harm
760 2938 795 2977 or
811 2919 992 2977 usefulness
1007 2919 1042 2976 of
1056 2919 1160 2979 which
1182 2919 1377 2979 constituted
1398 2921 1455 2980 the

256 3024 361 3082 theme
377 3022 412 3081 01
434 3020 611 3081 discussion
629 3019 661 3077 in
685 3020 739 3078 the
762 3019 874 3095 'genus
898 3018 1158 3077 deliberativum'
1181 3019 1320 3077 referred
1343 3019 1456 3078 101111-

257 3122 428 3199 mediately
444 3120 553 3180 below.
600 3119 640 3178 So
663 3119 725 3179 Cic.
743 3118 781 3177 de
797 3124 874 3177 orat.
894 3118 908 3175 l
926 3118 974 3189 10,
990 3118 1030 3175 42
1053 3117 1135 3176 nihil
1150 3124 1182 3177 te
1198 3118 1236 3177 de
1253 3118 1342 3176 bonis
1359 3117 1455 3178 rebus

257 3223 291 3282 in
306 3223 381 3293 vita,
397 3220 480 3280 nihil
496 3220 534 3279 de
551 3219 661 3277 malis.
681 3266 687 3279 .
705 3217 874 3277 didicisse
890 3216 952 3275 and
968 3216 1054 3276 Orat.
1070 3217 1194 3290 33,118
1211 3217 1292 3275 nihil
1308 3217 1455 3278 debonis

257 3324 349 3381 rebus
364 3327 420 3381 aut
435 3320 537 3392 malie,
554 3318 635 3376 nihil
651 3318 689 3375 110
705 3317 878 3375 virtutihus
894 3323 949 3375 aut
964 3316 1062 3374 vitiis.
1108 3316 1174 3374 The
1190 3335 1276 3375 same
1294 3335 1458 3378 enumera-

257 3422 324 3481 tiou
354 3439 461 3480 occurs
492 3420 525 3477 in
556 3419 626 3477 Son.
651 3418 708 3494 Ep.
732 3418 781 3488 95,
806 3418 845 3476 58
874 3415 1038 3474 continent
1064 3414 1171 3487 vitam,
1196 3415 1278 3474 bona
1302 3422 1335 3474 et
1361 3416 1456 3491 mala,

257 3522 391 3580 honesta
405 3527 437 3578 et
452 3518 568 3595 turpia,
586 3517 670 3575 iusta
684 3521 716 3575 et
732 3516 858 3573 iniusta.

357 3670 465 3718 Tacitus
478 3681 539 3729 may
552 3667 620 3715 have
633 3664 788 3726 designedly
802 3665 908 3712 written
929 3665 976 3713 ‘de
988 3665 1066 3713 bonis
1078 3679 1109 3713 ac
1120 3664 1213 3714 malis’
1233 3673 1261 3714 to
1279 3671 1392 3728 prevent
1409 3667 1457 3716 the

324 3753 420 3815 plamae
438 3752 507 3799 110111
527 3751 608 3809 being
619 3748 702 3797 taken
721 3748 748 3796 111
765 3747 809 3795 the
822 3761 897 3795 sense
910 3746 939 3795 01
959 3747 1006 3795 ‘de
1018 3748 1096 3796 bonis
1108 3750 1131 3796 et
1143 3747 1234 3796 nialis'
1255 3749 1351 3808 which,
1365 3749 1458 3799 unless

327 3836 436 3884 ‘rebus’
452 3835 473 3881 is
486 3833 581 3891 added,
596 3830 732 3894 generally
744 3843 833 3878 serves
848 3844 877 3878 as
894 3831 939 3878 the
958 3831 1036 3879 Latin
1055 3830 1208 3892 equivalent
1226 3830 1268 3879 101
1285 3835 1339 3892 sepi
1357 3835 1454 3891 ἠθικῶν.

325 3920 380 3968 But
397 3918 442 3966 the
461 3914 581 3966 habitual
600 3914 742 3964 confusion
760 3913 789 3962 01
807 3919 858 3969 ‘et,
872 3927 912 3970 ac,
926 3912 979 3961 and
993 3915 1054 3962 aut’
1070 3914 1096 3961 in
1109 3928 1159 3961 our
1172 3914 1247 3963 MSS.
1264 3914 1296 3975 (e.
1309 3929 1333 3977 g.
1348 3928 1370 3963 c.
1388 3916 1419 3964 12
1434 3925 1458 3966 17

326 4002 356 4050 16
370 4011 394 4049 rs
413 4002 468 4048 lus
485 4001 553 4064 2111)
573 3998 626 4048 and
645 3997 690 4045 the
709 3996 764 4045 fact
782 3996 841 4044 that
859 3996 903 4044 the
921 3995 980 4044 0011.
1001 3997 1025 4044 l)
1043 3996 1092 4045 has
1109 3996 1221 4056 ethere,
1243 3997 1340 4045 render
1363 3997 1385 4046 it
1407 4005 1458 4048 not

324 4082 489 4146 improbable
507 4083 566 4131 that
584 4081 637 4130 this
655 4085 805 4141 represents
823 4079 867 4127 the
883 4078 994 4141 original
1011 4079 1122 4141 reading
1136 4078 1190 4142 (see
1202 4080 1248 4128 the
1260 4094 1371 4143 passage
1383 4080 1457 4131 from

325 4167 446 4229 Seneca).
466 4166 513 4214 We
523 4163 618 4212 should
631 4163 693 4212 thus
705 4161 761 4210 also
773 4175 895 4224 preserve
908 4161 953 4209 the
966 4168 1119 4223 customary
1129 4161 1311 4223 synrrnetrical
1323 4165 1458 4227 grouping

325 4252 352 4300 in
371 4249 405 4300 all
424 4249 499 4297 three
516 4248 589 4310 pairs
600 4246 629 4295 01
644 4245 786 4307 opposites,
800 4244 897 4292 forthe
908 4258 968 4302 orry
980 4244 1034 4302 sero
1046 4258 1106 4294 exx.
1122 4245 1149 4292 in
1162 4245 1272 4293 Tacitus
1283 4245 1312 4293 01
1323 4259 1340 4294 a
1351 4245 1457 4310 change

324 4333 354 4384 01
365 4331 553 4395 conjunctione
564 4342 610 4379 are
622 4326 747 4377 conflncd
759 4333 787 4375 to
799 4326 959 4375 adversative
970 4325 1151 4375 collocatione.
1176 4326 1217 4376 Ci.
1233 4342 1254 4376 e.
1270 4328 1301 4375 el
1315 4336 1329 4374 4
1347 4328 1457 4392 ingenio
