3428 4912
261 326 326 390 200
789 349 912 399 noras.

360 519 511 581 Quintilian
530 521 613 584 styles
632 522 678 572 the
698 535 772 572 same
794 522 925 573 Corvinus
945 523 1022 573 talce
1045 523 1146 573 1111111111
1168 523 1192 588 (Ι
1210 524 1234 584 7,
1253 523 1286 573 35
1305 525 1329 572 X
1350 525 1373 584 l,
1394 522 1453 589 113)

327 603 413 653 which
435 604 572 654 Michaelis
592 605 723 667 proposed
743 610 772 654 to
790 606 934 654 substitute
958 605 1000 654 ior
1023 607 1129 664 ‘mltis'
1155 606 1243 654 butio
1266 605 1334 654 view
1356 605 1386 655 oi
1407 605 1454 654 the

325 687 509 748 promiscuous
520 701 567 736 use
576 687 606 736 oi
617 688 691 736 these
701 688 843 737 rhetorical
853 689 977 750 epitheta,
989 689 1043 737 this
1053 689 1075 737 is
1084 692 1132 738 not
1143 687 1293 750 absolutely
1301 701 1451 751 necessary.

300 818 340 876 12
363 819 554 892 elaboratus,
577 820 612 878 of
626 839 766 897 persons,
783 820 811 879 is
826 821 1016 898 apparently
1032 821 1131 879 found
1153 820 1228 898 only
1243 820 1318 879 here
1340 820 1404 879 and
1419 819 1453 879 in

258 916 322 976 late
345 917 441 976 Latin
463 936 488 977 e.
505 939 532 995 g.
550 920 647 978 Macr.
666 919 730 978 Sat.
754 920 809 977 ΙΙΙ
832 920 917 993 13,5
939 939 1009 979 cuin
1031 919 1191 978 incederet
1212 919 1391 979 elaboratus
1413 919 1454 979 ad

258 1017 509 1094 speciem-Cf.
528 1018 598 1077 San.
616 1018 721 1078 Contr.
739 1019 774 1076 ΙΙ
798 1019 848 1092 12,
871 1019 889 1078 8
913 1019 976 1077 fuit
992 1018 1145 1078 Messalla
1159 1017 1353 1078 exactissimi
1369 1019 1454 1096 inge·

257 1115 303 1173 nii
319 1116 447 1193 quidem
463 1116 596 1175 inomni
612 1117 789 1176 studiorum
805 1123 904 1194 parte,
920 1117 1028 1177 Latini
1044 1118 1153 1195 utique
1176 1117 1329 1177 sermonis
1352 1117 1455 1177 obser·

258 1222 348 1273 vator
374 1215 637 1292 diligentissimus
660 1217 723 1276 and
743 1223 816 1275 note
832 1236 857 1276 c.
874 1217 912 1274 21
929 1217 1258 1278 ar.-uisertissimus
1279 1235 1320 1275 sc.
1344 1216 1452 1276 fuerit.

257 1313 323 1373 The
340 1314 463 1391 ellipsis
479 1315 515 1373 of
528 1334 547 1374 a
562 1315 762 1392 subjunctive
778 1316 813 1374 of
827 1314 929 1374 ‘esse'
950 1315 984 1373 in
999 1314 1135 1375 indirect
1150 1316 1314 1393 questions
1330 1315 1358 1375 is
1374 1335 1454 1376 com·

257 1433 339 1487 mon,
355 1413 413 1472 but
427 1413 482 1473 the
504 1414 585 1492 perf.
609 1415 690 1492 subj.
706 1415 734 1473 is
750 1434 827 1493 very
851 1414 954 1492 rarely
976 1415 1118 1474 omitted.
1164 1416 1212 1476 Cf.
1229 1416 1322 1491 Verg.
1339 1415 1418 1475 Aen.
1435 1416 1453 1475 I

256 1514 317 1572 517
334 1512 538 1590 speculantur
552 1512 773 1598 amictilquae
789 1514 919 1573 fortuna
933 1513 1004 1589 viri,
1018 1514 1122 1573 where
1138 1533 1184 1573 we
1200 1534 1281 1592 may,
1297 1515 1452 1589 however,

256 1615 324 1674 also
340 1615 457 1694 supply
471 1616 513 1675 sit
555 1616 618 1677 Cic.
636 1617 674 1674 de
691 1616 754 1675 div.
768 1617 804 1675 11
817 1617 936 1691 68,141
950 1635 1066 1694 quaero
1080 1623 1186 1676 autern
1200 1635 1256 1676 cur
1271 1617 1453 1676 Alexandro

256 1721 322 1774 tam
344 1715 479 1774 inlustre
502 1715 657 1774 somnium
712 1717 783 1775 Tac.
808 1716 890 1774 Ann.
913 1716 963 1774 XI
986 1717 1026 1775 35
1056 1722 1124 1774 tum
1154 1715 1309 1793 quidquid
1331 1715 1453 1775 avitum

256 1814 436 1874 Neronibus
459 1820 491 1874 et
513 1815 627 1874 Drusis
646 1821 700 1898 (sc.
718 1815 830 1894 fuerit)
848 1815 881 1873 in
903 1816 1041 1893 pretium
1056 1814 1163 1893 probri
1179 1815 1312 1875 cessisse
1335 1816 1397 1876 XV
1412 1817 1452 1876 49

256 1933 314 1974 nec
329 1920 436 1973 tamen
452 1913 546 1973 facile
561 1914 809 1989 memoraverim,
820 1915 891 1992 quis
908 1915 1028 1992 primus
1043 1920 1151 1974 auctor
1168 1920 1224 1998 (sc.
1241 1915 1353 1994 fuerit)
1364 1915 1453 1975 cuius

257 2013 411 2074 instinctu
436 2015 593 2073 concitum
609 2015 660 2072 sit.
706 2015 761 2091 Cp.
783 2014 817 2072 in
840 2014 977 2090 general,
993 2015 1026 2075 C.
1048 2014 1192 2088 Wetzell,
1216 2016 1266 2073 Dc
1288 2034 1347 2072 mu
1371 2015 1454 2074 verti

256 2115 345 2172 cachat.
366 2115 435 2174 Tac.
452 2133 482 2191 p.
499 2114 539 2172 48
549 2113 582 2173 ff.
606 2113 660 2172 Dr.
677 2115 718 2171 H.
738 2113 768 2173 S.
799 2113 937 2172 1204ff.
964 2113 1024 2173 Stil
1044 2133 1073 2191 p.
1091 2115 1138 2173 18.

299 2214 338 2272 13
360 2214 508 2274 interim:
535 2212 600 2271 ‘for
629 2212 683 2271 the
714 2213 1071 2291 present.'-prohasse
1088 2217 1268 2274 contentus:
1300 2223 1454 2273 canterma

256 2312 335 2370 with
361 2312 519 2370 infiiritivc
544 2311 572 2372 is
597 2312 667 2371 first
691 2312 790 2371 found
812 2311 846 2369 in
864 2311 946 2372 Ovid
963 2317 1001 2395 (e.
1019 2331 1047 2388 g.
1073 2312 1150 2370 Met.
1179 2311 1196 2370 I
1222 2314 1282 2371 461
1306 2312 1341 2370 II
1365 2313 1451 2391 638),

256 2411 384 2470 whence
411 2410 437 2469 it
463 2412 577 2488 passed
598 2411 665 2470 into
681 2430 780 2488 prose,
796 2411 892 2487 being
906 2410 1078 2489 especially
1093 2430 1235 2470 common
1252 2411 1284 2468 in
1300 2410 1452 2484 Velleius,

257 2511 311 2569 thc
333 2516 396 2569 two
420 2512 553 2569 Senecas
576 2511 638 2570 and
660 2511 847 2581 Quintilian.
893 2511 932 2568 In
955 2509 1082 2570 Tacitus
1105 2510 1207 2586 again,
1226 2528 1250 2569 c.
1268 2511 1342 2571 236
1364 2511 1405 2570 26
1420 2520 1453 2568 28

257 2610 319 2669 and
342 2610 383 2668 H.
401 2610 472 2669 136
495 2629 557 2669 non
579 2611 784 2670 contenti...
802 2610 1045 2670 circumdedisse
1063 2610 1211 2692 (omitted
1230 2610 1272 2687 by
1288 2611 1341 2669 Dr.
1359 2611 1401 2668 Η.
1421 2609 1451 2670 S.

257 2710 292 2768 ΙΙ
308 2710 393 2786 379).
433 2709 561 2768 Sirnilar
575 2710 735 2787 examples
751 2709 785 2768 in
800 2711 871 2769 Tac.
889 2709 924 2768 of
937 2709 992 2768 the
1015 2728 1049 2768 so
1064 2709 1166 2768 called
1180 2710 1357 2787 perfectum
1376 2709 1454 2786 logi·

257 2828 328 2868 cum
350 2827 403 2867 are
426 2827 450 2867 c.
476 2810 515 2868 31
539 2817 572 2866 24
594 2809 789 2868 dedisse...
813 2809 956 2887 proficiet
990 2808 1049 2884 Ag.
1076 2810 1096 2868 3
1118 2809 1310 2886 pigebit...
1330 2827 1454 2886 compo

257 2908 358 2967 suisse
389 2909 425 2968 G.
442 2910 482 2967 43
505 2908 683 2967 nominasse
706 2908 841 2968 sufficiet
877 2908 919 2965 H.
937 2908 984 2967 IV
999 2909 1039 2966 73
1061 2908 1173 2967 utilius
1195 2908 1238 2967 sit
1254 2953 1260 2967 .
1278 2954 1284 2966 .
1303 2953 1309 2967 .
1326 2908 1452 2967 audisse

257 3053 264 3066 .
289 3053 295 3066 .
321 3053 328 3066 .
356 3007 485 3066 dixisse.
510 3008 564 3085 (lp.
589 3008 644 3066 Dr.
672 3008 713 3065 II.
741 3007 770 3067 S.
795 3006 811 3064 I
837 3008 1027 3067 256.-non
1046 3024 1111 3068 esse
1136 3025 1234 3067 unum
1252 3008 1453 3085 eloquentiae

257 3107 399 3167 vultum:
423 3106 471 3166 cf.
488 3105 595 3176 Quint.
611 3106 680 3165 XII
703 3108 752 3180 10,
769 3108 808 3165 69
832 3105 938 3183 plures
956 3151 963 3164 .
981 3150 1012 3165 ..
1036 3105 1236 3183 eloquentiae
1251 3105 1358 3165 facies.
1404 3105 1452 3167 On

139 3194 140 3197 ¹
256 3206 311 3265 the
327 3206 472 3282 thought,
489 3206 636 3283 repeated
651 3205 730 3264 with
752 3205 903 3283 approval
925 3205 968 3283 by
985 3204 1136 3264 Messalla
1152 3209 1190 3287 (c.
1207 3205 1248 3264 25
1266 3206 1306 3283 ll),
1322 3204 1362 3264 cf.
1387 3205 1450 3266 Cic.

257 3306 296 3363 de
319 3310 395 3364 orat.
420 3304 473 3363 III
496 3307 525 3378 9,
541 3306 581 3364 34
606 3305 704 3388 (cited
726 3324 750 3364 c.
768 3305 806 3363 18
825 3304 1138 3382 8).—deprehendi:
1162 3303 1232 3363 ‘are
1248 3304 1367 3363 found!
1412 3305 1452 3364 So

257 3424 282 3464 c.
299 3405 339 3463 30
355 3414 387 3462 20
402 3404 442 3463 32
459 3413 490 3461 14
513 3404 552 3461 In
567 3423 592 3463 c.
609 3406 628 3463 3
646 3403 723 3461 3=¹
740 3422 826 3462 came
850 3403 954 3479 upon.'
985 3403 1024 3461 In
1047 3403 1211 3480 postAug.
1235 3403 1374 3478 authors,
1398 3404 1452 3464 the

257 3503 344 3562 word
366 3503 393 3562 is
415 3502 593 3580 commonly
608 3503 686 3561 used
708 3501 909 3579 figuratively
925 3501 960 3560 in
981 3502 1035 3560 the
1051 3520 1141 3561 sense
1165 3502 1200 3560 of
1229 3501 1452 3579 ‘intellegere'

258 3621 333 3661 once
357 3602 391 3659 in
416 3602 479 3662 Cic.
504 3620 561 3679 pro
585 3601 668 3662 Cael.
693 3603 711 3660 6
734 3607 796 3659 cxt.
840 3600 1022 3678 Especially
1038 3600 1186 3677 frequent
1209 3601 1242 3658 in
1264 3600 1451 3671 Quintilian.

259 3702 298 3759 In
320 3701 449 3759 Tacitus
464 3720 489 3759 c.
507 3701 545 3760 18
561 3709 593 3757 23
615 3702 701 3760 3417
725 3700 766 3757 H.
784 3700 831 3759 IV
845 3701 894 3759 86.
941 3699 998 3758 See
1014 3698 1158 3772 Bonnell,
1175 3700 1249 3757 Lex.
1267 3698 1373 3769 Quint.
1390 3700 1453 3759 and

259 3799 392 3858 Kieiber
406 3818 435 3876 p.
453 3801 501 3859 58.

301 3899 341 3958 15
364 3917 421 3960 nec
444 3901 554 3960 statim
579 3900 716 3960 deterius
735 3916 800 3959 esse
821 3899 904 3977 quod
921 3899 1080 3959 diversmn
1099 3904 1160 3960 est:
1193 3900 1254 3957 For
1283 3916 1302 3957 a
1330 3897 1454 3958 similar

258 3998 440 4072 sentiment,
465 3999 505 4058 cf.
531 3999 594 4059 Cic.
622 3999 660 4057 de
684 4004 762 4058 orat.
788 3998 823 4056 II
853 3998 902 4070 23,
927 3999 967 4056 94
990 3998 1229 4071 Demosthenes,
1261 3997 1453 4075 Hyperides,

259 4099 431 4175 Lycurgus,
443 4098 625 4169 Aeschines,
638 4097 814 4157 Dinarchus
830 4143 837 4155 .
855 4143 861 4156 .
879 4143 885 4155 .
903 4096 962 4156 etsi
979 4097 1062 4155 inter
1078 4116 1110 4155 se
1126 4116 1217 4175 pares
1233 4116 1295 4155 non
1311 4097 1452 4172 fuerunt,

258 4203 365 4256 tamen
390 4215 498 4256 omnes
524 4203 598 4256 sunt
625 4197 658 4255 in
682 4197 792 4255 eodem
816 4196 962 4255 veritatis
987 4196 1159 4255 imitandae
1185 4214 1298 4272 genere
1324 4196 1452 4256 versati.

259 4296 347 4355 Brut.
365 4296 415 4371 56,
431 4296 492 4354 204
513 4301 608 4373 atque
631 4295 664 4353 in
686 4295 736 4354 his
758 4295 934 4354 oratoribus
958 4295 1038 4353 illud
1059 4295 1373 4354 animadvertendum
1395 4301 1452 4370 est,
