<?xml version="1.0" encoding="UTF-8"?>
<!DOCTYPE html PUBLIC "-//W3C//DTD XHTML 1.0 Transitional//EN"
    "http://www.w3.org/TR/xhtml1/DTD/xhtml1-transitional.dtd">
<html xmlns="http://www.w3.org/1999/xhtml" xml:lang="en" lang="en">
 <head>
  <title>
</title>
<meta http-equiv="Content-Type" content="text/html;charset=utf-8" />
  <meta name='ocr-system' content='tesseract 3.04.00' />
  <meta name='ocr-capabilities' content='ocr_page ocr_carea ocr_par ocr_line ocrx_word'/>
</head>
<body>
  <div class='ocr_page' id='page_1' title='image "./dialogusdeorato00gudegoog_0373.png"; bbox 0 0 3428 4912; ppageno 0'>
   <div class='ocr_carea' id='block_1_1' title="bbox 256 312 917 378">
    <p class='ocr_par' dir='ltr' id='par_1_1' title="bbox 256 312 917 378">
     <span class='ocr_line' id='line_1_1' title="bbox 256 312 917 378; baseline 0.005 -3"><span class='ocrx_word' id='word_1_1' title='bbox 256 312 321 376; x_wconf 87' lang='grc'><strong>226</strong></span> <span class='ocrx_word' id='word_1_2' title='bbox 795 328 917 378; x_wconf 84' lang='lat' dir='ltr'><strong>nonus.</strong></span> 
     </span>
    </p>
   </div>
   <div class='ocr_carea' id='block_1_2' title="bbox 195 501 1454 779">
    <p class='ocr_par' dir='ltr' id='par_1_2' title="bbox 195 501 1454 779">
     <span class='ocr_line' id='line_1_2' title="bbox 195 501 1452 582; baseline 0.003 -21"><span class='ocrx_word' id='word_1_3' title='bbox 195 542 200 551; x_wconf 85' lang='lat'><em>·</em></span> <span class='ocrx_word' id='word_1_4' title='bbox 255 502 360 562; x_wconf 81' lang='lat' dir='ltr'>which</span> <span class='ocrx_word' id='word_1_5' title='bbox 386 502 564 574; x_wconf 81' lang='lat' dir='ltr'><strong>Quintilian</strong></span> <span class='ocrx_word' id='word_1_6' title='bbox 587 503 766 563; x_wconf 82' lang='lat' dir='ltr'><strong>combutted</strong></span> <span class='ocrx_word' id='word_1_7' title='bbox 791 501 835 562; x_wconf 89' lang='lat' dir='ltr'><strong>all</strong></span> <span class='ocrx_word' id='word_1_8' title='bbox 858 501 908 562; x_wconf 92' lang='lat' dir='ltr'><strong>his</strong></span> <span class='ocrx_word' id='word_1_9' title='bbox 934 502 1000 562; x_wconf 87' lang='lat' dir='ltr'><strong>life.</strong></span> <span class='ocrx_word' id='word_1_10' title='bbox 1056 503 1111 580; x_wconf 85' lang='lat' dir='ltr'><strong>Cp.</strong></span> <span class='ocrx_word' id='word_1_11' title='bbox 1132 503 1304 563; x_wconf 86' lang='grc'>1110114111</span> <span class='ocrx_word' id='word_1_12' title='bbox 1326 503 1452 582; x_wconf 84' lang='lat' dir='ltr'><strong>Epistle</strong></span> 
     </span>
     <span class='ocr_line' id='line_1_3' title="bbox 255 600 1452 679; baseline 0.001 -18"><span class='ocrx_word' id='word_1_13' title='bbox 255 601 453 679; x_wconf 81' lang='lat' dir='ltr'>throughout</span> <span class='ocrx_word' id='word_1_14' title='bbox 467 602 538 674; x_wconf 89' lang='lat' dir='ltr'><strong>and,</strong></span> <span class='ocrx_word' id='word_1_15' title='bbox 550 601 675 662; x_wconf 83' lang='lat' dir='ltr'><strong>besides</strong></span> <span class='ocrx_word' id='word_1_16' title='bbox 691 600 895 671; x_wconf 82' lang='lat' dir='ltr'><strong>Quintilian’s</strong></span> <span class='ocrx_word' id='word_1_17' title='bbox 911 602 1034 661; x_wconf 87' lang='lat' dir='ltr'><strong>famous</strong></span> <span class='ocrx_word' id='word_1_18' title='bbox 1049 601 1201 662; x_wconf 87' lang='lat' dir='ltr'><strong>criticism</strong></span> <span class='ocrx_word' id='word_1_19' title='bbox 1224 601 1259 662; x_wconf 91' lang='grc'><strong>01</strong></span> <span class='ocrx_word' id='word_1_20' title='bbox 1284 602 1404 662; x_wconf 79' lang='lat' dir='ltr'>Seneca</span> <span class='ocrx_word' id='word_1_21' title='bbox 1416 603 1452 662; x_wconf 90' lang='lat' dir='ltr'><strong>in</strong></span> 
     </span>
     <span class='ocr_line' id='line_1_4' title="bbox 256 701 1454 779; baseline 0.002 -18"><span class='ocrx_word' id='word_1_22' title='bbox 256 703 307 761; x_wconf 89' lang='lat' dir='ltr'><strong>Bk</strong></span> <span class='ocrx_word' id='word_1_23' title='bbox 322 703 352 761; x_wconf 94' lang='lat' dir='ltr'>X</span> <span class='ocrx_word' id='word_1_24' title='bbox 369 702 398 776; x_wconf 89' lang='lat'><strong>1,</strong></span> <span class='ocrx_word' id='word_1_25' title='bbox 415 701 568 776; x_wconf 82' lang='lat'><strong>125-130,</strong></span> <span class='ocrx_word' id='word_1_26' title='bbox 584 720 649 779; x_wconf 87' lang='lat' dir='ltr'><strong>esp.</strong></span> <span class='ocrx_word' id='word_1_27' title='bbox 666 701 747 775; x_wconf 85' lang='lat'><strong>115,</strong></span> <span class='ocrx_word' id='word_1_28' title='bbox 763 701 802 759; x_wconf 77' lang='lat'><strong>21</strong></span> <span class='ocrx_word' id='word_1_29' title='bbox 826 702 896 761; x_wconf 89' lang='lat' dir='ltr'><strong>Duo</strong></span> <span class='ocrx_word' id='word_1_30' title='bbox 911 705 1016 760; x_wconf 89' lang='lat' dir='ltr'><strong>autem</strong></span> <span class='ocrx_word' id='word_1_31' title='bbox 1032 720 1147 778; x_wconf 84' lang='lat' dir='ltr'><strong>genera</strong></span> <span class='ocrx_word' id='word_1_32' title='bbox 1162 701 1296 761; x_wconf 82' lang='lat' dir='ltr'><strong>maxime</strong></span> <span class='ocrx_word' id='word_1_33' title='bbox 1311 703 1454 763; x_wconf 87' lang='lat' dir='ltr'><strong>cavenda</strong></span> 
     </span>
    </p>
   </div>
   <div class='ocr_carea' id='block_1_3' title="bbox 161 800 1451 880">
    <p class='ocr_par' dir='ltr' id='par_1_3' title="bbox 161 800 1451 880">
     <span class='ocr_line' id='line_1_5' title="bbox 161 800 1451 880; baseline 0 -19"><span class='ocrx_word' id='word_1_34' title='bbox 161 835 165 840; x_wconf 90' lang='lat'><em>·</em></span> <span class='ocrx_word' id='word_1_35' title='bbox 256 801 363 880; x_wconf 91' lang='lat' dir='ltr'><strong>pueris</strong></span> <span class='ocrx_word' id='word_1_36' title='bbox 385 806 484 879; x_wconf 90' lang='lat' dir='ltr'><strong>puto:</strong></span> <span class='ocrx_word' id='word_1_37' title='bbox 507 819 613 874; x_wconf 91' lang='lat' dir='ltr'><strong>unum,</strong></span> <span class='ocrx_word' id='word_1_38' title='bbox 628 819 669 860; x_wconf 90' lang='lat' dir='ltr'><strong>ue</strong></span> <span class='ocrx_word' id='word_1_39' title='bbox 691 800 762 879; x_wconf 90' lang='lat' dir='ltr'><strong>quis</strong></span> <span class='ocrx_word' id='word_1_40' title='bbox 785 818 838 859; x_wconf 89' lang='lat' dir='ltr'><strong>eos</strong></span> <span class='ocrx_word' id='word_1_41' title='bbox 861 800 1063 876; x_wconf 79' lang='lat' dir='ltr'><strong>antiquitatis</strong></span> <span class='ocrx_word' id='word_1_42' title='bbox 1085 800 1202 860; x_wconf 92' lang='lat' dir='ltr'><strong>nimius</strong></span> <span class='ocrx_word' id='word_1_43' title='bbox 1224 801 1397 861; x_wconf 71' lang='lat' dir='ltr'><strong>admirator</strong></span> <span class='ocrx_word' id='word_1_44' title='bbox 1417 802 1451 861; x_wconf 92' lang='lat' dir='ltr'><strong>in</strong></span> 
     </span>
    </p>
   </div>
   <div class='ocr_carea' id='block_1_4' title="bbox 255 899 1452 1278">
    <p class='ocr_par' dir='ltr' id='par_1_4' title="bbox 255 899 1452 1278">
     <span class='ocr_line' id='line_1_6' title="bbox 257 899 1451 977; baseline -0.001 -14"><span class='ocrx_word' id='word_1_45' title='bbox 257 901 468 963; x_wconf 85' lang='lat' dir='ltr'><strong>Gracchorum</strong></span> <span class='ocrx_word' id='word_1_46' title='bbox 497 899 688 977; x_wconf 82' lang='lat' dir='ltr'><strong>Catonisque</strong></span> <span class='ocrx_word' id='word_1_47' title='bbox 717 906 750 959; x_wconf 85' lang='lat' dir='ltr'><strong>et</strong></span> <span class='ocrx_word' id='word_1_48' title='bbox 775 899 909 959; x_wconf 89' lang='lat' dir='ltr'><strong>aliorum</strong></span> <span class='ocrx_word' id='word_1_49' title='bbox 940 899 1090 959; x_wconf 88' lang='lat' dir='ltr'><strong>similium</strong></span> <span class='ocrx_word' id='word_1_50' title='bbox 1120 900 1256 961; x_wconf 91' lang='lat' dir='ltr'><strong>lectione</strong></span> <span class='ocrx_word' id='word_1_51' title='bbox 1285 901 1451 962; x_wconf 86' lang='lat' dir='ltr'><strong>durescere</strong></span> 
     </span>
     <span class='ocr_line' id='line_1_7' title="bbox 255 999 1452 1078; baseline 0.003 -19"><span class='ocrx_word' id='word_1_52' title='bbox 255 1000 343 1075; x_wconf 86' lang='lat' dir='ltr'><strong>velit,</strong></span> <span class='ocrx_word' id='word_1_53' title='bbox 366 1000 444 1060; x_wconf 86' lang='lat' dir='ltr'><strong>fient</strong></span> <span class='ocrx_word' id='word_1_54' title='bbox 458 999 543 1058; x_wconf 93' lang='lat' dir='ltr'><strong>enim</strong></span> <span class='ocrx_word' id='word_1_55' title='bbox 560 999 681 1059; x_wconf 85' lang='lat' dir='ltr'><strong>horridi</strong></span> <span class='ocrx_word' id='word_1_56' title='bbox 697 1005 791 1077; x_wconf 89' lang='lat' dir='ltr'><strong>atque</strong></span> <span class='ocrx_word' id='word_1_57' title='bbox 808 999 924 1059; x_wconf 90' lang='lat' dir='ltr'><strong>ieiuni:</strong></span> <span class='ocrx_word' id='word_1_58' title='bbox 941 1020 1014 1060; x_wconf 91' lang='lat' dir='ltr'><strong>nam</strong></span> <span class='ocrx_word' id='word_1_59' title='bbox 1030 1020 1130 1078; x_wconf 91' lang='lat' dir='ltr'><strong>neque</strong></span> <span class='ocrx_word' id='word_1_60' title='bbox 1145 1001 1211 1060; x_wconf 84' lang='lat' dir='ltr'><strong>vim</strong></span> <span class='ocrx_word' id='word_1_61' title='bbox 1226 1020 1334 1060; x_wconf 88' lang='lat' dir='ltr'><strong>eorum</strong></span> <span class='ocrx_word' id='word_1_62' title='bbox 1349 1002 1452 1062; x_wconf 90' lang='lat' dir='ltr'><strong>adhuc</strong></span> 
     </span>
     <span class='ocr_line' id='line_1_8' title="bbox 255 1098 1451 1178; baseline 0.002 -18"><span class='ocrx_word' id='word_1_63' title='bbox 255 1100 421 1161; x_wconf 86' lang='lat' dir='ltr'><strong>intellectu</strong></span> <span class='ocrx_word' id='word_1_64' title='bbox 446 1105 678 1178; x_wconf 83' lang='lat' dir='ltr'><strong>consequentur</strong></span> <span class='ocrx_word' id='word_1_65' title='bbox 704 1107 736 1159; x_wconf 90' lang='lat' dir='ltr'><strong>et</strong></span> <span class='ocrx_word' id='word_1_66' title='bbox 760 1098 936 1159; x_wconf 83' lang='lat' dir='ltr'><strong>elocutione</strong></span> <span class='ocrx_word' id='word_1_67' title='bbox 962 1119 1041 1178; x_wconf 90' lang='lat' dir='ltr'><strong>quae</strong></span> <span class='ocrx_word' id='word_1_68' title='bbox 1070 1106 1137 1159; x_wconf 93' lang='lat' dir='ltr'><strong>tum</strong></span> <span class='ocrx_word' id='word_1_69' title='bbox 1161 1101 1229 1160; x_wconf 88' lang='lat' dir='ltr'><strong>sine</strong></span> <span class='ocrx_word' id='word_1_70' title='bbox 1259 1100 1354 1161; x_wconf 91' lang='lat' dir='ltr'><strong>dubio</strong></span> <span class='ocrx_word' id='word_1_71' title='bbox 1383 1108 1451 1162; x_wconf 88' lang='lat' dir='ltr'><strong>erat</strong></span> 
     </span>
     <span class='ocr_line' id='line_1_9' title="bbox 255 1199 1450 1278; baseline -0.001 -17"><span class='ocrx_word' id='word_1_72' title='bbox 255 1200 384 1278; x_wconf 87' lang='lat' dir='ltr'><strong>optima,</strong></span> <span class='ocrx_word' id='word_1_73' title='bbox 395 1200 451 1259; x_wconf 91' lang='lat' dir='ltr'><strong>sed</strong></span> <span class='ocrx_word' id='word_1_74' title='bbox 465 1199 583 1259; x_wconf 87' lang='lat' dir='ltr'><strong>nostris</strong></span> <span class='ocrx_word' id='word_1_75' title='bbox 596 1199 791 1277; x_wconf 89' lang='lat' dir='ltr'><strong>temporibus</strong></span> <span class='ocrx_word' id='word_1_76' title='bbox 803 1200 908 1259; x_wconf 88' lang='lat' dir='ltr'><strong>aliena</strong></span> <span class='ocrx_word' id='word_1_77' title='bbox 922 1206 971 1259; x_wconf 91' lang='lat' dir='ltr'><strong>est</strong></span> <span class='ocrx_word' id='word_1_78' title='bbox 985 1202 1126 1260; x_wconf 90' lang='lat' dir='ltr'><strong>contenti</strong></span> <span class='ocrx_word' id='word_1_79' title='bbox 1139 1246 1145 1258; x_wconf 92' lang='lat'>.</span> <span class='ocrx_word' id='word_1_80' title='bbox 1159 1246 1166 1260; x_wconf 88' lang='lat'>.</span> <span class='ocrx_word' id='word_1_81' title='bbox 1179 1246 1186 1258; x_wconf 92' lang='lat'>.</span> <span class='ocrx_word' id='word_1_82' title='bbox 1200 1200 1334 1260; x_wconf 89' lang='lat' dir='ltr'><strong>alterum</strong></span> <span class='ocrx_word' id='word_1_83' title='bbox 1348 1245 1355 1260; x_wconf 89' lang='lat'><strong>.</strong></span> <span class='ocrx_word' id='word_1_84' title='bbox 1369 1246 1376 1259; x_wconf 90' lang='lat'><strong>.</strong></span> <span class='ocrx_word' id='word_1_85' title='bbox 1391 1246 1398 1259; x_wconf 92' lang='lat'><strong>.</strong></span> <span class='ocrx_word' id='word_1_86' title='bbox 1411 1220 1450 1260; x_wconf 92' lang='lat' dir='ltr'><strong>ne</strong></span> 
     </span>
    </p>
   </div>
   <div class='ocr_carea' id='block_1_5' title="bbox 160 1297 1449 1376">
    <p class='ocr_par' dir='ltr' id='par_1_5' title="bbox 160 1297 1449 1376">
     <span class='ocr_line' id='line_1_10' title="bbox 160 1297 1449 1376; baseline 0 -18"><span class='ocrx_word' id='word_1_87' title='bbox 160 1320 164 1326; x_wconf 93' lang='lat'><em>·</em></span> <span class='ocrx_word' id='word_1_88' title='bbox 256 1300 391 1360; x_wconf 85' lang='lat' dir='ltr'><strong>recentis</strong></span> <span class='ocrx_word' id='word_1_89' title='bbox 410 1299 505 1359; x_wconf 90' lang='lat' dir='ltr'><strong>huius</strong></span> <span class='ocrx_word' id='word_1_90' title='bbox 527 1298 677 1359; x_wconf 86' lang='lat' dir='ltr'><strong>lasciviae</strong></span> <span class='ocrx_word' id='word_1_91' title='bbox 692 1297 830 1358; x_wconf 91' lang='lat' dir='ltr'><strong>flosculis</strong></span> <span class='ocrx_word' id='word_1_92' title='bbox 851 1299 935 1376; x_wconf 87' lang='lat' dir='ltr'><strong>capti</strong></span> <span class='ocrx_word' id='word_1_93' title='bbox 951 1298 1113 1376; x_wconf 86' lang='lat' dir='ltr'><strong>voluptate</strong></span> <span class='ocrx_word' id='word_1_94' title='bbox 1128 1318 1226 1376; x_wconf 84' lang='lat' dir='ltr'><strong>prava</strong></span> <span class='ocrx_word' id='word_1_95' title='bbox 1240 1299 1449 1359; x_wconf 90' lang='lat' dir='ltr'><strong>deleniantur.</strong></span> 
     </span>
    </p>
   </div>
   <div class='ocr_carea' id='block_1_6' title="bbox 254 1398 1453 4358">
    <p class='ocr_par' dir='ltr' id='par_1_6' title="bbox 254 1398 1451 2354">
     <span class='ocr_line' id='line_1_11' title="bbox 256 1398 1451 1477; baseline 0.001 -21"><span class='ocrx_word' id='word_1_96' title='bbox 256 1400 344 1472; x_wconf 80' lang='lat' dir='ltr'><strong>IX4,</strong></span> <span class='ocrx_word' id='word_1_97' title='bbox 355 1399 415 1457; x_wconf 85' lang='grc'><strong>142</strong></span> <span class='ocrx_word' id='word_1_98' title='bbox 431 1398 459 1458; x_wconf 93' lang='lat' dir='ltr'><strong>si</strong></span> <span class='ocrx_word' id='word_1_99' title='bbox 474 1399 517 1458; x_wconf 87' lang='lat' dir='ltr'><strong>sit</strong></span> <span class='ocrx_word' id='word_1_100' title='bbox 532 1417 668 1473; x_wconf 89' lang='lat' dir='ltr'><strong>necesse,</strong></span> <span class='ocrx_word' id='word_1_101' title='bbox 680 1398 789 1457; x_wconf 90' lang='lat' dir='ltr'><strong>duram</strong></span> <span class='ocrx_word' id='word_1_102' title='bbox 804 1398 910 1476; x_wconf 90' lang='lat' dir='ltr'><strong>potius</strong></span> <span class='ocrx_word' id='word_1_103' title='bbox 926 1405 1020 1475; x_wconf 89' lang='lat' dir='ltr'><strong>atque</strong></span> <span class='ocrx_word' id='word_1_104' title='bbox 1035 1417 1179 1476; x_wconf 86' lang='lat' dir='ltr'><strong>asperam</strong></span> <span class='ocrx_word' id='word_1_105' title='bbox 1191 1399 1451 1477; x_wconf 82' lang='lat' dir='ltr'><strong>compositionem</strong></span> 
     </span>
     <span class='ocr_line' id='line_1_12' title="bbox 255 1497 1451 1576; baseline 0.003 -20"><span class='ocrx_word' id='word_1_106' title='bbox 255 1497 365 1558; x_wconf 89' lang='lat' dir='ltr'><strong>malim</strong></span> <span class='ocrx_word' id='word_1_107' title='bbox 387 1517 456 1558; x_wconf 91' lang='lat' dir='ltr'><strong>esse</strong></span> <span class='ocrx_word' id='word_1_108' title='bbox 472 1517 567 1575; x_wconf 91' lang='lat' dir='ltr'><strong>quam</strong></span> <span class='ocrx_word' id='word_1_109' title='bbox 592 1497 806 1557; x_wconf 85' lang='lat' dir='ltr'><strong>effeminatam</strong></span> <span class='ocrx_word' id='word_1_110' title='bbox 830 1503 862 1557; x_wconf 91' lang='lat' dir='ltr'><strong>et</strong></span> <span class='ocrx_word' id='word_1_111' title='bbox 885 1517 1030 1557; x_wconf 85' lang='lat' dir='ltr'><strong>enervem</strong></span> <span class='ocrx_word' id='word_1_112' title='bbox 1047 1497 1150 1575; x_wconf 90' lang='lat' dir='ltr'><strong>qualis</strong></span> <span class='ocrx_word' id='word_1_113' title='bbox 1174 1499 1258 1576; x_wconf 90' lang='lat' dir='ltr'><strong>apud</strong></span> <span class='ocrx_word' id='word_1_114' title='bbox 1279 1497 1396 1558; x_wconf 87' lang='lat' dir='ltr'><strong>multos</strong></span> <span class='ocrx_word' id='word_1_115' title='bbox 1418 1506 1451 1559; x_wconf 92' lang='lat' dir='ltr'><strong>et</strong></span> 
     </span>
     <span class='ocr_line' id='line_1_13' title="bbox 255 1597 1448 1674; baseline 0.001 -18"><span class='ocrx_word' id='word_1_116' title='bbox 255 1598 372 1657; x_wconf 86' lang='lat' dir='ltr'><strong>cotidie</strong></span> <span class='ocrx_word' id='word_1_117' title='bbox 388 1597 498 1674; x_wconf 80' lang='lat' dir='ltr'><strong>magis,</strong></span> <span class='ocrx_word' id='word_1_118' title='bbox 514 1597 735 1657; x_wconf 86' lang='lat' dir='ltr'><strong>lascivissimis</strong></span> <span class='ocrx_word' id='word_1_119' title='bbox 759 1603 966 1674; x_wconf 88' lang='lat' dir='ltr'><strong>syntonorum</strong></span> <span class='ocrx_word' id='word_1_120' title='bbox 988 1597 1089 1656; x_wconf 88' lang='lat' dir='ltr'><strong>modis</strong></span> <span class='ocrx_word' id='word_1_121' title='bbox 1112 1597 1208 1657; x_wconf 89' lang='lat' dir='ltr'><strong>saltat</strong></span> <span class='ocrx_word' id='word_1_122' title='bbox 1230 1598 1293 1657; x_wconf 89' lang='lat' dir='ltr'><strong>and</strong></span> <span class='ocrx_word' id='word_1_123' title='bbox 1314 1598 1383 1657; x_wconf 93' lang='lat' dir='ltr'><strong>XII</strong></span> <span class='ocrx_word' id='word_1_124' title='bbox 1399 1598 1448 1672; x_wconf 92' lang='lat'><strong>10,</strong></span> 
     </span>
     <span class='ocr_line' id='line_1_14' title="bbox 256 1696 1451 1775; baseline -0.001 -17"><span class='ocrx_word' id='word_1_125' title='bbox 256 1696 338 1758; x_wconf 78' lang='grc'>7311.</span> <span class='ocrx_word' id='word_1_126' title='bbox 355 1696 524 1757; x_wconf 86' lang='lat' dir='ltr'><strong>Falluntur</strong></span> <span class='ocrx_word' id='word_1_127' title='bbox 539 1697 624 1756; x_wconf 91' lang='lat' dir='ltr'><strong>enim</strong></span> <span class='ocrx_word' id='word_1_128' title='bbox 640 1696 810 1775; x_wconf 88' lang='lat' dir='ltr'><strong>plurimum</strong></span> <span class='ocrx_word' id='word_1_129' title='bbox 827 1696 881 1774; x_wconf 92' lang='lat' dir='ltr'><strong>qui</strong></span> <span class='ocrx_word' id='word_1_130' title='bbox 896 1696 1045 1756; x_wconf 85' lang='lat' dir='ltr'><strong>vitiosum</strong></span> <span class='ocrx_word' id='word_1_131' title='bbox 1066 1703 1099 1756; x_wconf 92' lang='lat' dir='ltr'><strong>et</strong></span> <span class='ocrx_word' id='word_1_132' title='bbox 1120 1703 1302 1774; x_wconf 86' lang='lat' dir='ltr'><strong>corruptum</strong></span> <span class='ocrx_word' id='word_1_133' title='bbox 1323 1697 1451 1759; x_wconf 87' lang='lat' dir='ltr'><strong>dicendi</strong></span> 
     </span>
     <span class='ocr_line' id='line_1_15' title="bbox 256 1795 1449 1875; baseline 0 -19"><span class='ocrx_word' id='word_1_134' title='bbox 256 1816 354 1873; x_wconf 84' lang='lat' dir='ltr'><strong>genus</strong></span> <span class='ocrx_word' id='word_1_135' title='bbox 367 1797 451 1875; x_wconf 94' lang='lat' dir='ltr'><strong>quod</strong></span> <span class='ocrx_word' id='word_1_136' title='bbox 465 1801 521 1856; x_wconf 85' lang='lat' dir='ltr'><strong>aut</strong></span> <span class='ocrx_word' id='word_1_137' title='bbox 535 1797 701 1856; x_wconf 82' lang='lat' dir='ltr'><strong>verborum</strong></span> <span class='ocrx_word' id='word_1_138' title='bbox 716 1795 846 1856; x_wconf 88' lang='lat' dir='ltr'><strong>licentia</strong></span> <span class='ocrx_word' id='word_1_139' title='bbox 857 1796 981 1855; x_wconf 88' lang='lat' dir='ltr'><strong>exultat</strong></span> <span class='ocrx_word' id='word_1_140' title='bbox 991 1802 1047 1856; x_wconf 89' lang='lat' dir='ltr'><strong>aut</strong></span> <span class='ocrx_word' id='word_1_141' title='bbox 1059 1796 1232 1874; x_wconf 86' lang='lat' dir='ltr'><strong>puerilibus</strong></span> <span class='ocrx_word' id='word_1_142' title='bbox 1248 1796 1449 1856; x_wconf 89' lang='lat' dir='ltr'><strong>sententiolis</strong></span> 
     </span>
     <span class='ocr_line' id='line_1_16' title="bbox 255 1877 1451 1972; baseline -0.001 -16"><span class='ocrx_word' id='word_1_143' title='bbox 255 1896 383 1956; x_wconf 86' lang='lat' dir='ltr'><strong>lascivit</strong></span> <span class='ocrx_word' id='word_1_144' title='bbox 489 1902 544 1955; x_wconf 88' lang='lat' dir='ltr'><strong>aut</strong></span> <span class='ocrx_word' id='word_1_145' title='bbox 558 1877 677 1955; x_wconf 87' lang='lat' dir='ltr'><strong>casuris</strong></span> <span class='ocrx_word' id='word_1_146' title='bbox 787 1895 926 1955; x_wconf 89' lang='lat' dir='ltr'><strong>flosculis</strong></span> <span class='ocrx_word' id='word_1_147' title='bbox 953 1896 1036 1955; x_wconf 91' lang='lat' dir='ltr'><strong>nitet</strong></span> <span class='ocrx_word' id='word_1_148' title='bbox 1139 1895 1240 1972; x_wconf 85' lang='lat' dir='ltr'><strong>magis</strong></span> <span class='ocrx_word' id='word_1_149' title='bbox 1265 1895 1451 1956; x_wconf 87' lang='lat' dir='ltr'><strong>existimant</strong></span> 
     </span>
     <span class='ocr_line' id='line_1_17' title="bbox 255 1994 1451 2075; baseline 0.001 -21"><span class='ocrx_word' id='word_1_150' title='bbox 255 1994 478 2075; x_wconf 89' lang='lat' dir='ltr'><strong>populare...</strong></span> <span class='ocrx_word' id='word_1_151' title='bbox 503 1995 587 2072; x_wconf 87' lang='lat' dir='ltr'><strong>quod</strong></span> <span class='ocrx_word' id='word_1_152' title='bbox 610 1994 737 2072; x_wconf 89' lang='lat' dir='ltr'><strong>quidem</strong></span> <span class='ocrx_word' id='word_1_153' title='bbox 760 1995 884 2072; x_wconf 90' lang='lat' dir='ltr'><strong>placere</strong></span> <span class='ocrx_word' id='word_1_154' title='bbox 911 1995 1021 2054; x_wconf 87' lang='lat' dir='ltr'><strong>multis</strong></span> <span class='ocrx_word' id='word_1_155' title='bbox 1127 2000 1177 2054; x_wconf 87' lang='lat' dir='ltr'><strong>est</strong></span> <span class='ocrx_word' id='word_1_156' title='bbox 1202 1995 1287 2054; x_wconf 92' lang='lat' dir='ltr'><strong>enim</strong></span> <span class='ocrx_word' id='word_1_157' title='bbox 1313 1995 1451 2056; x_wconf 88' lang='lat' dir='ltr'><strong>iucunda</strong></span> 
     </span>
     <span class='ocr_line' id='line_1_18' title="bbox 255 2094 1449 2172; baseline -0.002 -17"><span class='ocrx_word' id='word_1_158' title='bbox 255 2095 324 2155; x_wconf 85' lang='lat' dir='ltr'><strong>auri</strong></span> <span class='ocrx_word' id='word_1_159' title='bbox 354 2114 389 2155; x_wconf 91' lang='lat' dir='ltr'><strong>ac</strong></span> <span class='ocrx_word' id='word_1_160' title='bbox 418 2094 603 2154; x_wconf 85' lang='lat' dir='ltr'><strong>favorabilis</strong></span> <span class='ocrx_word' id='word_1_161' title='bbox 630 2094 857 2172; x_wconf 89' lang='lat' dir='ltr'><strong>qualiscunque</strong></span> <span class='ocrx_word' id='word_1_162' title='bbox 884 2094 1065 2172; x_wconf 89' lang='lat' dir='ltr'><strong>eloquentia</strong></span> <span class='ocrx_word' id='word_1_163' title='bbox 1090 2139 1097 2152; x_wconf 90' lang='lat'>.</span> <span class='ocrx_word' id='word_1_164' title='bbox 1120 2139 1126 2152; x_wconf 90' lang='lat'><strong>.</strong></span> <span class='ocrx_word' id='word_1_165' title='bbox 1150 2140 1157 2152; x_wconf 91' lang='lat'><strong>.</strong></span> <span class='ocrx_word' id='word_1_166' title='bbox 1184 2094 1238 2153; x_wconf 89' lang='lat' dir='ltr'><strong>ubi</strong></span> <span class='ocrx_word' id='word_1_167' title='bbox 1268 2114 1342 2154; x_wconf 82' lang='lat' dir='ltr'><strong>vero</strong></span> <span class='ocrx_word' id='word_1_168' title='bbox 1371 2094 1449 2172; x_wconf 92' lang='lat' dir='ltr'><strong>quid</strong></span> 
     </span>
     <span class='ocr_line' id='line_1_19' title="bbox 255 2193 1451 2272; baseline -0.001 -18"><span class='ocrx_word' id='word_1_169' title='bbox 255 2193 445 2272; x_wconf 85' lang='lat' dir='ltr'><strong>exquisitius</strong></span> <span class='ocrx_word' id='word_1_170' title='bbox 468 2193 589 2253; x_wconf 89' lang='lat' dir='ltr'><strong>dictum</strong></span> <span class='ocrx_word' id='word_1_171' title='bbox 610 2193 725 2253; x_wconf 88' lang='lat' dir='ltr'><strong>accidit</strong></span> <span class='ocrx_word' id='word_1_172' title='bbox 747 2193 875 2252; x_wconf 87' lang='lat' dir='ltr'><strong>auribus</strong></span> <span class='ocrx_word' id='word_1_173' title='bbox 898 2193 1137 2270; x_wconf 86' lang='lat' dir='ltr'><strong>imperitorum.</strong></span> <span class='ocrx_word' id='word_1_174' title='bbox 1155 2239 1161 2251; x_wconf 94' lang='lat'><strong>.</strong></span> <span class='ocrx_word' id='word_1_175' title='bbox 1179 2239 1185 2252; x_wconf 95' lang='lat'><strong>.</strong></span> <span class='ocrx_word' id='word_1_176' title='bbox 1203 2193 1299 2253; x_wconf 92' lang='lat' dir='ltr'><strong>habet</strong></span> <span class='ocrx_word' id='word_1_177' title='bbox 1317 2194 1451 2254; x_wconf 75' lang='lat' dir='ltr'><strong>admira</strong></span> 
     </span>
     <span class='ocr_line' id='line_1_20' title="bbox 254 2295 383 2354; baseline 0 -1"><span class='ocrx_word' id='word_1_178' title='bbox 254 2295 383 2354; x_wconf 90' lang='lat' dir='ltr'><strong>tionem.</strong></span> 
     </span>
    </p>

    <p class='ocr_par' dir='ltr' id='par_1_7' title="bbox 254 2392 1451 2964">
     <span class='ocr_line' id='line_1_21' title="bbox 297 2392 1446 2472; baseline 0 -19"><span class='ocrx_word' id='word_1_179' title='bbox 297 2395 337 2455; x_wconf 84' lang='lat'><strong>23</strong></span> <span class='ocrx_word' id='word_1_180' title='bbox 360 2412 431 2456; x_wconf 89' lang='lat' dir='ltr'><strong>cum</strong></span> <span class='ocrx_word' id='word_1_181' title='bbox 449 2395 614 2472; x_wconf 82' lang='lat' dir='ltr'><strong>voluptate</strong></span> <span class='ocrx_word' id='word_1_182' title='bbox 631 2394 836 2472; x_wconf 82' lang='lat' dir='ltr'><strong>perveniunt:</strong></span> <span class='ocrx_word' id='word_1_183' title='bbox 860 2393 908 2454; x_wconf 88' lang='lat' dir='ltr'><strong>Cf.</strong></span> <span class='ocrx_word' id='word_1_184' title='bbox 926 2399 999 2452; x_wconf 88' lang='lat' dir='ltr'><strong>note</strong></span> <span class='ocrx_word' id='word_1_185' title='bbox 1015 2411 1040 2452; x_wconf 89' lang='lat' dir='ltr'><strong>c.</strong></span> <span class='ocrx_word' id='word_1_186' title='bbox 1057 2394 1076 2452; x_wconf 77' lang='grc'><strong>7</strong></span> <span class='ocrx_word' id='word_1_187' title='bbox 1094 2401 1125 2450; x_wconf 86' lang='grc'><strong>10</strong></span> <span class='ocrx_word' id='word_1_188' title='bbox 1146 2411 1217 2452; x_wconf 89' lang='lat' dir='ltr'><strong>cum</strong></span> <span class='ocrx_word' id='word_1_189' title='bbox 1233 2393 1336 2469; x_wconf 84' lang='lat' dir='ltr'><strong>gratia</strong></span> <span class='ocrx_word' id='word_1_190' title='bbox 1351 2392 1446 2453; x_wconf 90' lang='lat' dir='ltr'><strong>venit.</strong></span> 
     </span>
     <span class='ocr_line' id='line_1_22' title="bbox 254 2492 1448 2576; baseline -0.003 -21"><span class='ocrx_word' id='word_1_191' title='bbox 254 2494 382 2573; x_wconf 86' lang='lat' dir='ltr'><strong>—quid</strong></span> <span class='ocrx_word' id='word_1_192' title='bbox 400 2494 485 2555; x_wconf 85' lang='lat' dir='ltr'><strong>enim</strong></span> <span class='ocrx_word' id='word_1_193' title='bbox 503 2495 614 2553; x_wconf 73' lang='lat' dir='ltr'><strong>si=rl</strong></span> <span class='ocrx_word' id='word_1_194' title='bbox 633 2496 687 2571; x_wconf 71' lang='grc' dir='ltr'><strong>γὰρ</strong></span> <span class='ocrx_word' id='word_1_195' title='bbox 710 2497 733 2552; x_wconf 72' lang='grc' dir='ltr'><strong>εἰ</strong></span> <span class='ocrx_word' id='word_1_196' title='bbox 755 2494 849 2576; x_wconf 87' lang='lat' dir='ltr'><strong>(Xen.</strong></span> <span class='ocrx_word' id='word_1_197' title='bbox 875 2493 970 2551; x_wconf 89' lang='lat' dir='ltr'><strong>Mem.</strong></span> <span class='ocrx_word' id='word_1_198' title='bbox 997 2492 1031 2551; x_wconf 93' lang='lat' dir='ltr'><strong>II</strong></span> <span class='ocrx_word' id='word_1_199' title='bbox 1056 2493 1084 2566; x_wconf 83' lang='lat'><strong>6,</strong></span> <span class='ocrx_word' id='word_1_200' title='bbox 1109 2493 1152 2570; x_wconf 84' lang='lat'><strong>2).</strong></span> <span class='ocrx_word' id='word_1_201' title='bbox 1198 2492 1250 2551; x_wconf 86' lang='lat' dir='ltr'><strong>An</strong></span> <span class='ocrx_word' id='word_1_202' title='bbox 1273 2492 1396 2570; x_wconf 88' lang='lat' dir='ltr'><strong>ellipsis</strong></span> <span class='ocrx_word' id='word_1_203' title='bbox 1420 2492 1448 2552; x_wconf 91' lang='lat' dir='ltr'><strong>is</strong></span> 
     </span>
     <span class='ocr_line' id='line_1_23' title="bbox 255 2591 1451 2672; baseline -0.001 -19"><span class='ocrx_word' id='word_1_204' title='bbox 255 2593 389 2671; x_wconf 90' lang='lat' dir='ltr'><strong>implied</strong></span> <span class='ocrx_word' id='word_1_205' title='bbox 403 2612 437 2653; x_wconf 91' lang='lat' dir='ltr'><strong>as</strong></span> <span class='ocrx_word' id='word_1_206' title='bbox 459 2592 559 2652; x_wconf 76' lang='lat' dir='ltr'><strong>usual,</strong></span> <span class='ocrx_word' id='word_1_207' title='bbox 605 2591 667 2651; x_wconf 76' lang='lat' dir='ltr'><strong>‘To</strong></span> <span class='ocrx_word' id='word_1_208' title='bbox 683 2592 765 2669; x_wconf 88' lang='lat' dir='ltr'><strong>deny</strong></span> <span class='ocrx_word' id='word_1_209' title='bbox 780 2591 845 2650; x_wconf 91' lang='lat' dir='ltr'><strong>this</strong></span> <span class='ocrx_word' id='word_1_210' title='bbox 868 2592 931 2650; x_wconf 88' lang='lat' dir='ltr'><strong>and</strong></span> <span class='ocrx_word' id='word_1_211' title='bbox 948 2597 981 2650; x_wconf 92' lang='lat' dir='ltr'><strong>to</strong></span> <span class='ocrx_word' id='word_1_212' title='bbox 1002 2593 1138 2651; x_wconf 90' lang='lat' dir='ltr'><strong>contend</strong></span> <span class='ocrx_word' id='word_1_213' title='bbox 1152 2591 1224 2651; x_wconf 89' lang='lat' dir='ltr'><strong>that</strong></span> <span class='ocrx_word' id='word_1_214' title='bbox 1239 2591 1281 2670; x_wconf 87' lang='lat' dir='ltr'><strong>by</strong></span> <span class='ocrx_word' id='word_1_215' title='bbox 1295 2593 1451 2672; x_wconf 86' lang='lat' dir='ltr'><strong>adopting</strong></span> 
     </span>
     <span class='ocr_line' id='line_1_24' title="bbox 254 2690 1451 2770; baseline 0 -18"><span class='ocrx_word' id='word_1_216' title='bbox 254 2692 309 2752; x_wconf 91' lang='lat' dir='ltr'><strong>the</strong></span> <span class='ocrx_word' id='word_1_217' title='bbox 332 2692 415 2770; x_wconf 89' lang='lat' dir='ltr'><strong>style</strong></span> <span class='ocrx_word' id='word_1_218' title='bbox 437 2691 601 2752; x_wconf 89' lang='lat' dir='ltr'><strong>described</strong></span> <span class='ocrx_word' id='word_1_219' title='bbox 622 2711 669 2750; x_wconf 88' lang='lat' dir='ltr'><strong>we</strong></span> <span class='ocrx_word' id='word_1_220' title='bbox 691 2691 804 2750; x_wconf 91' lang='lat' dir='ltr'><strong>should</strong></span> <span class='ocrx_word' id='word_1_221' title='bbox 826 2690 1041 2751; x_wconf 90' lang='lat' dir='ltr'><strong>nevertheless</strong></span> <span class='ocrx_word' id='word_1_222' title='bbox 1063 2691 1102 2750; x_wconf 90' lang='lat' dir='ltr'><strong>bo</strong></span> <span class='ocrx_word' id='word_1_223' title='bbox 1124 2692 1246 2770; x_wconf 86' lang='lat' dir='ltr'><strong>unduly</strong></span> <span class='ocrx_word' id='word_1_224' title='bbox 1271 2692 1451 2770; x_wconf 82' lang='lat' dir='ltr'><strong>sacrificing</strong></span> 
     </span>
     <span class='ocr_line' id='line_1_25' title="bbox 255 2790 1449 2864; baseline 0.001 -13"><span class='ocrx_word' id='word_1_225' title='bbox 255 2811 346 2851; x_wconf 89' lang='lat' dir='ltr'><strong>sense</strong></span> <span class='ocrx_word' id='word_1_226' title='bbox 361 2796 395 2851; x_wconf 90' lang='lat' dir='ltr'><strong>to</strong></span> <span class='ocrx_word' id='word_1_227' title='bbox 410 2792 512 2851; x_wconf 89' lang='lat' dir='ltr'><strong>sound</strong></span> <span class='ocrx_word' id='word_1_228' title='bbox 525 2810 560 2850; x_wconf 87' lang='lat' dir='ltr'><strong>or</strong></span> <span class='ocrx_word' id='word_1_229' title='bbox 574 2796 690 2850; x_wconf 89' lang='lat' dir='ltr'><strong>matter</strong></span> <span class='ocrx_word' id='word_1_230' title='bbox 701 2796 735 2850; x_wconf 93' lang='lat' dir='ltr'><strong>to</strong></span> <span class='ocrx_word' id='word_1_231' title='bbox 750 2790 841 2864; x_wconf 86' lang='lat' dir='ltr'><strong>form,</strong></span> <span class='ocrx_word' id='word_1_232' title='bbox 854 2808 936 2850; x_wconf 87' lang='lat' dir='ltr'><strong>were</strong></span> <span class='ocrx_word' id='word_1_233' title='bbox 951 2808 985 2849; x_wconf 90' lang='lat' dir='ltr'><strong>as</strong></span> <span class='ocrx_word' id='word_1_234' title='bbox 1000 2791 1223 2850; x_wconf 87' lang='lat' dir='ltr'><strong>unwarranted</strong></span> <span class='ocrx_word' id='word_1_235' title='bbox 1237 2809 1279 2850; x_wconf 86' lang='lat' dir='ltr'><strong>an</strong></span> <span class='ocrx_word' id='word_1_236' title='bbox 1293 2792 1449 2852; x_wconf 89' lang='lat' dir='ltr'><strong>assertion</strong></span> 
     </span>
     <span class='ocr_line' id='line_1_26' title="bbox 255 2891 433 2964; baseline -0.006 -13"><span class='ocrx_word' id='word_1_237' title='bbox 255 2911 289 2951; x_wconf 87' lang='lat' dir='ltr'><strong>as</strong></span> <span class='ocrx_word' id='word_1_238' title='bbox 305 2891 352 2964; x_wconf 83' lang='lat' dir='ltr'><strong>if,’</strong></span> <span class='ocrx_word' id='word_1_239' title='bbox 375 2896 433 2951; x_wconf 89' lang='lat' dir='ltr'><strong>etc.</strong></span> 
     </span>
    </p>

    <p class='ocr_par' dir='ltr' id='par_1_8' title="bbox 255 2989 1453 3962">
     <span class='ocr_line' id='line_1_27' title="bbox 296 2989 1450 3064; baseline 0.001 -13"><span class='ocrx_word' id='word_1_240' title='bbox 296 2990 337 3051; x_wconf 88' lang='grc'><strong>26</strong></span> <span class='ocrx_word' id='word_1_241' title='bbox 360 3007 515 3051; x_wconf 85' lang='lat' dir='ltr'><strong>marmore</strong></span> <span class='ocrx_word' id='word_1_242' title='bbox 538 2990 643 3050; x_wconf 88' lang='lat' dir='ltr'><strong>nitent</strong></span> <span class='ocrx_word' id='word_1_243' title='bbox 667 2995 698 3050; x_wconf 88' lang='lat' dir='ltr'><strong>et</strong></span> <span class='ocrx_word' id='word_1_244' title='bbox 721 3007 798 3050; x_wconf 88' lang='lat' dir='ltr'><strong>auro</strong></span> <span class='ocrx_word' id='word_1_245' title='bbox 821 2990 1004 3050; x_wconf 85' lang='lat' dir='ltr'><strong>radiantur:</strong></span> <span class='ocrx_word' id='word_1_246' title='bbox 1036 2990 1226 3064; x_wconf 74' lang='lat' dir='ltr'><strong>Rudioncur,</strong></span> <span class='ocrx_word' id='word_1_247' title='bbox 1250 3009 1285 3050; x_wconf 83' lang='lat' dir='ltr'><strong>as</strong></span> <span class='ocrx_word' id='word_1_248' title='bbox 1307 2989 1450 3052; x_wconf 73' lang='lat' dir='ltr'><strong>&#39;nitent&#39;</strong></span> 
     </span>
     <span class='ocr_line' id='line_1_28' title="bbox 255 3088 1449 3169; baseline 0 -19"><span class='ocrx_word' id='word_1_249' title='bbox 255 3090 368 3164; x_wconf 89' lang='lat' dir='ltr'><strong>shows,</strong></span> <span class='ocrx_word' id='word_1_250' title='bbox 385 3096 471 3150; x_wconf 91' lang='lat' dir='ltr'><strong>must</strong></span> <span class='ocrx_word' id='word_1_251' title='bbox 484 3088 524 3149; x_wconf 89' lang='lat' dir='ltr'><strong>be</strong></span> <span class='ocrx_word' id='word_1_252' title='bbox 539 3088 636 3148; x_wconf 83' lang='lat' dir='ltr'><strong>taken</strong></span> <span class='ocrx_word' id='word_1_253' title='bbox 651 3107 686 3147; x_wconf 89' lang='lat' dir='ltr'><strong>as</strong></span> <span class='ocrx_word' id='word_1_254' title='bbox 703 3107 743 3148; x_wconf 89' lang='lat' dir='ltr'><strong>an</strong></span> <span class='ocrx_word' id='word_1_255' title='bbox 766 3088 897 3146; x_wconf 80' lang='lat' dir='ltr'><strong>intrans</strong></span> <span class='ocrx_word' id='word_1_256' title='bbox 914 3088 1077 3147; x_wconf 83' lang='lat' dir='ltr'><strong>middle:</strong></span> <span class='ocrx_word' id='word_1_257' title='bbox 1091 3089 1225 3165; x_wconf 84' lang='lat' dir='ltr'><strong>fulgent.</strong></span> <span class='ocrx_word' id='word_1_258' title='bbox 1256 3090 1305 3151; x_wconf 86' lang='lat' dir='ltr'><strong>Cf.</strong></span> <span class='ocrx_word' id='word_1_259' title='bbox 1319 3090 1376 3152; x_wconf 84' lang='lat' dir='ltr'><strong>Ov.</strong></span> <span class='ocrx_word' id='word_1_260' title='bbox 1389 3091 1449 3169; x_wconf 86' lang='lat' dir='ltr'><strong>Ep.</strong></span> 
     </span>
     <span class='ocr_line' id='line_1_29' title="bbox 255 3187 1450 3264; baseline 0 -14"><span class='ocrx_word' id='word_1_261' title='bbox 255 3209 295 3250; x_wconf 84' lang='lat' dir='ltr'><strong>ex</strong></span> <span class='ocrx_word' id='word_1_262' title='bbox 309 3191 401 3249; x_wconf 86' lang='lat' dir='ltr'><strong>Pont.</strong></span> <span class='ocrx_word' id='word_1_263' title='bbox 420 3188 595 3261; x_wconf 82' lang='lat'><strong>1114,103</strong></span> <span class='ocrx_word' id='word_1_264' title='bbox 619 3188 725 3264; x_wconf 86' lang='lat' dir='ltr'><strong>galeae</strong></span> <span class='ocrx_word' id='word_1_265' title='bbox 741 3187 872 3264; x_wconf 82' lang='lat' dir='ltr'><strong>gemmis</strong></span> <span class='ocrx_word' id='word_1_266' title='bbox 893 3187 1056 3247; x_wconf 89' lang='lat' dir='ltr'><strong>radientur</strong></span> <span class='ocrx_word' id='word_1_267' title='bbox 1078 3194 1110 3247; x_wconf 91' lang='lat' dir='ltr'><strong>et</strong></span> <span class='ocrx_word' id='word_1_268' title='bbox 1132 3207 1207 3247; x_wconf 90' lang='lat' dir='ltr'><strong>auro</strong></span> <span class='ocrx_word' id='word_1_269' title='bbox 1237 3190 1349 3250; x_wconf 84' lang='lat' dir='ltr'><strong>audeo</strong></span> <span class='ocrx_word' id='word_1_270' title='bbox 1364 3189 1450 3250; x_wconf 91' lang='lat' dir='ltr'><strong>simi-</strong></span> 
     </span>
     <span class='ocr_line' id='line_1_30' title="bbox 255 3286 1448 3367; baseline 0.003 -19"><span class='ocrx_word' id='word_1_271' title='bbox 255 3289 338 3367; x_wconf 87' lang='lat' dir='ltr'><strong>larly</strong></span> <span class='ocrx_word' id='word_1_272' title='bbox 365 3288 544 3348; x_wconf 68' lang='lat' dir='ltr'><strong>‘radiatus&#39;</strong></span> <span class='ocrx_word' id='word_1_273' title='bbox 599 3287 658 3347; x_wconf 83' lang='lat' dir='ltr'><strong>See</strong></span> <span class='ocrx_word' id='word_1_274' title='bbox 684 3287 766 3346; x_wconf 91' lang='lat' dir='ltr'><strong>Dict.</strong></span> <span class='ocrx_word' id='word_1_275' title='bbox 811 3288 872 3346; x_wconf 87' lang='lat' dir='ltr'><strong>For</strong></span> <span class='ocrx_word' id='word_1_276' title='bbox 905 3286 1027 3346; x_wconf 88' lang='lat' dir='ltr'><strong>similar</strong></span> <span class='ocrx_word' id='word_1_277' title='bbox 1059 3288 1199 3365; x_wconf 83' lang='lat' dir='ltr'><strong>phrases,</strong></span> <span class='ocrx_word' id='word_1_278' title='bbox 1233 3289 1273 3348; x_wconf 83' lang='lat' dir='ltr'><strong>cf.</strong></span> <span class='ocrx_word' id='word_1_279' title='bbox 1309 3290 1379 3349; x_wconf 87' lang='lat' dir='ltr'><strong>Seu.</strong></span> <span class='ocrx_word' id='word_1_280' title='bbox 1407 3291 1448 3351; x_wconf 87' lang='lat' dir='ltr'><strong>ad</strong></span> 
     </span>
     <span class='ocr_line' id='line_1_31' title="bbox 256 3386 1451 3465; baseline 0.003 -19"><span class='ocrx_word' id='word_1_281' title='bbox 256 3389 350 3447; x_wconf 85' lang='lat' dir='ltr'><strong>Helv.</strong></span> <span class='ocrx_word' id='word_1_282' title='bbox 377 3389 425 3462; x_wconf 90' lang='lat'><strong>10,</strong></span> <span class='ocrx_word' id='word_1_283' title='bbox 453 3392 472 3448; x_wconf 75' lang='lat'><strong>7</strong></span> <span class='ocrx_word' id='word_1_284' title='bbox 495 3406 629 3465; x_wconf 88' lang='lat' dir='ltr'><strong>quorum</strong></span> <span class='ocrx_word' id='word_1_285' title='bbox 654 3392 740 3446; x_wconf 86' lang='lat' dir='ltr'><strong>tecta</strong></span> <span class='ocrx_word' id='word_1_286' title='bbox 764 3387 903 3446; x_wconf 90' lang='lat' dir='ltr'><strong>noudum</strong></span> <span class='ocrx_word' id='word_1_287' title='bbox 927 3405 1003 3445; x_wconf 88' lang='lat' dir='ltr'><strong>auro</strong></span> <span class='ocrx_word' id='word_1_288' title='bbox 1024 3386 1196 3464; x_wconf 84' lang='lat' dir='ltr'><strong>fulgebant,</strong></span> <span class='ocrx_word' id='word_1_289' title='bbox 1219 3407 1351 3465; x_wconf 91' lang='lat' dir='ltr'><strong>quorum</strong></span> <span class='ocrx_word' id='word_1_290' title='bbox 1373 3395 1451 3449; x_wconf 90' lang='lat' dir='ltr'><strong>tem-</strong></span> 
     </span>
     <span class='ocr_line' id='line_1_32' title="bbox 256 3485 1450 3565; baseline 0.001 -19"><span class='ocrx_word' id='word_1_291' title='bbox 256 3488 311 3564; x_wconf 90' lang='lat' dir='ltr'><strong>pla</strong></span> <span class='ocrx_word' id='word_1_292' title='bbox 339 3488 479 3547; x_wconf 90' lang='lat' dir='ltr'><strong>nondum</strong></span> <span class='ocrx_word' id='word_1_293' title='bbox 508 3486 640 3563; x_wconf 86' lang='lat' dir='ltr'><strong>gemmis</strong></span> <span class='ocrx_word' id='word_1_294' title='bbox 670 3485 816 3545; x_wconf 87' lang='lat' dir='ltr'><strong>nitebant</strong></span> <span class='ocrx_word' id='word_1_295' title='bbox 867 3486 924 3563; x_wconf 88' lang='lat' dir='ltr'><strong>Ep.</strong></span> <span class='ocrx_word' id='word_1_296' title='bbox 950 3486 1000 3560; x_wconf 88' lang='grc'><strong>90,</strong></span> <span class='ocrx_word' id='word_1_297' title='bbox 1024 3486 1064 3546; x_wconf 87' lang='grc'><strong>25</strong></span> <span class='ocrx_word' id='word_1_298' title='bbox 1098 3486 1175 3563; x_wconf 90' lang='lat' dir='ltr'><strong>quid</strong></span> <span class='ocrx_word' id='word_1_299' title='bbox 1200 3486 1313 3564; x_wconf 90' lang='lat' dir='ltr'><strong>loquar</strong></span> <span class='ocrx_word' id='word_1_300' title='bbox 1335 3488 1450 3565; x_wconf 91' lang='lat' dir='ltr'><strong>quibus</strong></span> 
     </span>
     <span class='ocr_line' id='line_1_33' title="bbox 256 3585 1453 3666; baseline 0.001 -20"><span class='ocrx_word' id='word_1_301' title='bbox 256 3586 376 3663; x_wconf 87' lang='lat' dir='ltr'><strong>templa</strong></span> <span class='ocrx_word' id='word_1_302' title='bbox 398 3633 453 3646; x_wconf 85' lang='lat'><strong>...</strong></span> <span class='ocrx_word' id='word_1_303' title='bbox 480 3586 613 3664; x_wconf 84' lang='lat' dir='ltr'><strong>fulgent.</strong></span> <span class='ocrx_word' id='word_1_304' title='bbox 658 3585 736 3645; x_wconf 88' lang='lat' dir='ltr'><strong>This</strong></span> <span class='ocrx_word' id='word_1_305' title='bbox 760 3585 873 3663; x_wconf 83' lang='lat' dir='ltr'><strong>eulogy</strong></span> <span class='ocrx_word' id='word_1_306' title='bbox 895 3587 930 3644; x_wconf 92' lang='grc'><strong>01</strong></span> <span class='ocrx_word' id='word_1_307' title='bbox 951 3586 1006 3645; x_wconf 91' lang='grc'>1110</span> <span class='ocrx_word' id='word_1_308' title='bbox 1030 3586 1253 3645; x_wconf 87' lang='lat' dir='ltr'><strong>architectural</strong></span> <span class='ocrx_word' id='word_1_309' title='bbox 1275 3586 1393 3666; x_wconf 81' lang='lat' dir='ltr'><strong>beauty</strong></span> <span class='ocrx_word' id='word_1_310' title='bbox 1415 3587 1453 3647; x_wconf 87' lang='grc'><strong>01</strong></span> 
     </span>
     <span class='ocr_line' id='line_1_34' title="bbox 257 3684 1448 3766; baseline 0.003 -22"><span class='ocrx_word' id='word_1_311' title='bbox 257 3686 403 3762; x_wconf 90' lang='lat' dir='ltr'><strong>imperial</strong></span> <span class='ocrx_word' id='word_1_312' title='bbox 428 3687 526 3745; x_wconf 92' lang='lat' dir='ltr'><strong>Rome</strong></span> <span class='ocrx_word' id='word_1_313' title='bbox 552 3685 664 3745; x_wconf 89' lang='lat' dir='ltr'><strong>recalls</strong></span> <span class='ocrx_word' id='word_1_314' title='bbox 687 3685 742 3744; x_wconf 90' lang='lat' dir='ltr'><strong>the</strong></span> <span class='ocrx_word' id='word_1_315' title='bbox 765 3684 856 3744; x_wconf 87' lang='lat' dir='ltr'><strong>boast</strong></span> <span class='ocrx_word' id='word_1_316' title='bbox 870 3684 906 3743; x_wconf 89' lang='grc'><strong>01</strong></span> <span class='ocrx_word' id='word_1_317' title='bbox 931 3685 1093 3761; x_wconf 80' lang='lat' dir='ltr'><strong>Augustus</strong></span> <span class='ocrx_word' id='word_1_318' title='bbox 1114 3687 1282 3763; x_wconf 86' lang='lat' dir='ltr'><strong>preserved</strong></span> <span class='ocrx_word' id='word_1_319' title='bbox 1303 3686 1347 3766; x_wconf 89' lang='lat' dir='ltr'><strong>by</strong></span> <span class='ocrx_word' id='word_1_320' title='bbox 1363 3688 1448 3748; x_wconf 85' lang='lat' dir='ltr'><strong>Suet.</strong></span> 
     </span>
     <span class='ocr_line' id='line_1_35' title="bbox 258 3783 1449 3867; baseline 0.001 -20"><span class='ocrx_word' id='word_1_321' title='bbox 258 3786 366 3847; x_wconf 84' lang='lat' dir='ltr'><strong>Octav.</strong></span> <span class='ocrx_word' id='word_1_322' title='bbox 383 3787 422 3845; x_wconf 83' lang='lat'><strong>28</strong></span> <span class='ocrx_word' id='word_1_323' title='bbox 438 3803 644 3845; x_wconf 86' lang='lat' dir='ltr'><strong>marmoreum</strong></span> <span class='ocrx_word' id='word_1_324' title='bbox 663 3802 697 3843; x_wconf 92' lang='lat' dir='ltr'><strong>se</strong></span> <span class='ocrx_word' id='word_1_325' title='bbox 712 3783 892 3861; x_wconf 85' lang='lat' dir='ltr'><strong>relinquere</strong></span> <span class='ocrx_word' id='word_1_326' title='bbox 910 3790 964 3867; x_wconf 89' lang='lat' dir='ltr'><strong>(sc.</strong></span> <span class='ocrx_word' id='word_1_327' title='bbox 990 3785 1137 3863; x_wconf 87' lang='lat' dir='ltr'><strong>Romam)</strong></span> <span class='ocrx_word' id='word_1_328' title='bbox 1155 3804 1249 3862; x_wconf 89' lang='lat' dir='ltr'><strong>quam</strong></span> <span class='ocrx_word' id='word_1_329' title='bbox 1272 3785 1449 3848; x_wconf 87' lang='lat' dir='ltr'><strong>latericiam</strong></span> 
     </span>
     <span class='ocr_line' id='line_1_36' title="bbox 257 3884 438 3962; baseline -0.006 -18"><span class='ocrx_word' id='word_1_330' title='bbox 257 3884 438 3962; x_wconf 86' lang='lat' dir='ltr'><strong>accepisset.</strong></span> 
     </span>
    </p>

    <p class='ocr_par' dir='ltr' id='par_1_9' title="bbox 257 3982 1452 4255">
     <span class='ocr_line' id='line_1_37' title="bbox 299 3982 1450 4063; baseline 0.001 -17"><span class='ocrx_word' id='word_1_331' title='bbox 299 3985 350 4046; x_wconf 80' lang='lat' dir='ltr'><strong>sl.</strong></span> <span class='ocrx_word' id='word_1_332' title='bbox 385 3985 402 4043; x_wconf 92' lang='lat'>1</span> <span class='ocrx_word' id='word_1_333' title='bbox 425 3985 589 4046; x_wconf 82' lang='lat' dir='ltr'><strong>fatebor:</strong></span> <span class='ocrx_word' id='word_1_334' title='bbox 599 3983 708 4042; x_wconf 88' lang='lat' dir='ltr'><strong>fateor.</strong></span> <span class='ocrx_word' id='word_1_335' title='bbox 749 3983 826 4042; x_wconf 81' lang='lat' dir='ltr'><strong>This</strong></span> <span class='ocrx_word' id='word_1_336' title='bbox 841 4002 936 4060; x_wconf 84' lang='lat' dir='ltr'><strong>usage</strong></span> <span class='ocrx_word' id='word_1_337' title='bbox 952 3982 979 4041; x_wconf 86' lang='lat' dir='ltr'><strong>is</strong></span> <span class='ocrx_word' id='word_1_338' title='bbox 995 4002 1147 4057; x_wconf 89' lang='lat' dir='ltr'><strong>common,</strong></span> <span class='ocrx_word' id='word_1_339' title='bbox 1163 3984 1335 4063; x_wconf 80' lang='lat' dir='ltr'><strong>especially</strong></span> <span class='ocrx_word' id='word_1_340' title='bbox 1348 3986 1380 4045; x_wconf 93' lang='lat' dir='ltr'><strong>in</strong></span> <span class='ocrx_word' id='word_1_341' title='bbox 1395 3986 1450 4047; x_wconf 91' lang='lat' dir='ltr'><strong>the</strong></span> 
     </span>
     <span class='ocr_line' id='line_1_38' title="bbox 257 4081 1452 4161; baseline 0.002 -17"><span class='ocrx_word' id='word_1_342' title='bbox 257 4084 356 4144; x_wconf 89' lang='lat' dir='ltr'><strong>comio</strong></span> <span class='ocrx_word' id='word_1_343' title='bbox 371 4089 461 4161; x_wconf 88' lang='lat' dir='ltr'><strong>poets</strong></span> <span class='ocrx_word' id='word_1_344' title='bbox 477 4083 533 4142; x_wconf 91' lang='lat' dir='ltr'><strong>but</strong></span> <span class='ocrx_word' id='word_1_345' title='bbox 548 4081 626 4141; x_wconf 87' lang='lat' dir='ltr'><strong>with</strong></span> <span class='ocrx_word' id='word_1_346' title='bbox 641 4082 695 4141; x_wconf 89' lang='lat' dir='ltr'><strong>the</strong></span> <span class='ocrx_word' id='word_1_347' title='bbox 711 4082 878 4159; x_wconf 86' lang='lat' dir='ltr'><strong>exception</strong></span> <span class='ocrx_word' id='word_1_348' title='bbox 893 4082 928 4140; x_wconf 88' lang='grc'><strong>01</strong></span> <span class='ocrx_word' id='word_1_349' title='bbox 941 4082 1044 4141; x_wconf 88' lang='lat' dir='ltr'><strong>Plaut.</strong></span> <span class='ocrx_word' id='word_1_350' title='bbox 1062 4083 1148 4142; x_wconf 88' lang='lat' dir='ltr'><strong>Trin.</strong></span> <span class='ocrx_word' id='word_1_351' title='bbox 1165 4083 1236 4158; x_wconf 88' lang='grc'>608,</span> <span class='ocrx_word' id='word_1_352' title='bbox 1248 4085 1353 4144; x_wconf 84' lang='lat' dir='ltr'><strong>where</strong></span> <span class='ocrx_word' id='word_1_353' title='bbox 1368 4091 1452 4146; x_wconf 91' lang='lat' dir='ltr'><strong>most</strong></span> 
     </span>
     <span class='ocr_line' id='line_1_39' title="bbox 257 4180 1452 4255; baseline 0.003 -12"><span class='ocrx_word' id='word_1_354' title='bbox 257 4183 364 4243; x_wconf 89' lang='lat' dir='ltr'><strong>oritics</strong></span> <span class='ocrx_word' id='word_1_355' title='bbox 380 4182 455 4242; x_wconf 87' lang='lat' dir='ltr'><strong>read</strong></span> <span class='ocrx_word' id='word_1_356' title='bbox 476 4180 597 4241; x_wconf 71' lang='lat' dir='ltr'><strong>‘dicis&#39;</strong></span> <span class='ocrx_word' id='word_1_357' title='bbox 620 4180 671 4240; x_wconf 86' lang='lat' dir='ltr'><strong>for</strong></span> <span class='ocrx_word' id='word_1_358' title='bbox 692 4180 817 4241; x_wconf 72' lang='lat' dir='ltr'><strong>‘dices&#39;</strong></span> <span class='ocrx_word' id='word_1_359' title='bbox 841 4181 876 4240; x_wconf 89' lang='grc'><strong>01</strong></span> <span class='ocrx_word' id='word_1_360' title='bbox 896 4182 952 4241; x_wconf 92' lang='lat' dir='ltr'><strong>the</strong></span> <span class='ocrx_word' id='word_1_361' title='bbox 975 4182 1077 4255; x_wconf 78' lang='lat' dir='ltr'><strong>MSS,</strong></span> <span class='ocrx_word' id='word_1_362' title='bbox 1094 4182 1120 4241; x_wconf 89' lang='lat' dir='ltr'><strong>it</strong></span> <span class='ocrx_word' id='word_1_363' title='bbox 1142 4202 1242 4244; x_wconf 88' lang='lat' dir='ltr'><strong>seems</strong></span> <span class='ocrx_word' id='word_1_364' title='bbox 1264 4191 1298 4244; x_wconf 91' lang='lat' dir='ltr'><strong>to</strong></span> <span class='ocrx_word' id='word_1_365' title='bbox 1320 4185 1359 4245; x_wconf 90' lang='lat' dir='ltr'><strong>be</strong></span> <span class='ocrx_word' id='word_1_366' title='bbox 1381 4205 1452 4245; x_wconf 90' lang='lat' dir='ltr'><strong>con·</strong></span> 
     </span>
    </p>

    <p class='ocr_par' dir='ltr' id='par_1_10' title="bbox 257 4279 1453 4358">
     <span class='ocr_line' id='line_1_40' title="bbox 257 4279 1453 4358; baseline 0.002 -16"><span class='ocrx_word' id='word_1_367' title='bbox 257 4283 342 4343; x_wconf 92' lang='lat' dir='ltr'><strong>fined</strong></span> <span class='ocrx_word' id='word_1_368' title='bbox 356 4288 390 4342; x_wconf 91' lang='lat' dir='ltr'><strong>to</strong></span> <span class='ocrx_word' id='word_1_369' title='bbox 404 4281 459 4342; x_wconf 88' lang='lat' dir='ltr'><strong>the</strong></span> <span class='ocrx_word' id='word_1_370' title='bbox 474 4281 544 4340; x_wconf 91' lang='lat' dir='ltr'><strong>first</strong></span> <span class='ocrx_word' id='word_1_371' title='bbox 559 4299 671 4358; x_wconf 87' lang='lat' dir='ltr'><strong>person</strong></span> <span class='ocrx_word' id='word_1_372' title='bbox 687 4281 837 4356; x_wconf 85' lang='lat' dir='ltr'><strong>singular.</strong></span> <span class='ocrx_word' id='word_1_373' title='bbox 869 4281 917 4341; x_wconf 86' lang='lat' dir='ltr'><strong>Cf.</strong></span> <span class='ocrx_word' id='word_1_374' title='bbox 934 4301 959 4340; x_wconf 91' lang='lat' dir='ltr'><strong>c.</strong></span> <span class='ocrx_word' id='word_1_375' title='bbox 972 4301 999 4357; x_wconf 84' lang='lat' dir='ltr'><strong>g.</strong></span> <span class='ocrx_word' id='word_1_376' title='bbox 1016 4279 1120 4340; x_wconf 87' lang='lat' dir='ltr'><strong>Plaut.</strong></span> <span class='ocrx_word' id='word_1_377' title='bbox 1158 4281 1227 4342; x_wconf 89' lang='lat' dir='ltr'><strong>Mil.</strong></span> <span class='ocrx_word' id='word_1_378' title='bbox 1242 4283 1366 4347; x_wconf 76' lang='lat' dir='ltr'><strong>oleas</strong></span> <span class='ocrx_word' id='word_1_379' title='bbox 1382 4304 1453 4345; x_wconf 93' lang='lat' dir='ltr'><strong>cen·</strong></span> 
     </span>
    </p>
   </div>
   <div class='ocr_carea' id='block_1_7' title="bbox 0 0 1719 4912">
    <p class='ocr_par' dir='ltr' id='par_1_11' title="bbox 0 0 1719 4912">
     <span class='ocr_line' id='line_1_41' title="bbox 0 0 1719 4912; baseline 0 0"><span class='ocrx_word' id='word_1_380' title='bbox 0 0 1719 4912; x_wconf 95' lang='lat' dir='ltr'><strong> </strong></span> 
     </span>
    </p>
   </div>
  </div>
 </body>
</html>
