3428 4912
713 333 996 385 PROLEGOMENA.

256 522 279 559 c.
296 510 334 559 it
354 521 433 572 saepe
451 521 486 558 ex
504 522 547 558 me
566 508 680 572 requiris
706 507 770 559 1011.
786 509 832 558 vix

290 591 380 642 hercle
389 591 689 642 auderemsimihimea
697 593 832 643 sententia

289 674 454 738 proiereuda
471 688 503 724 ac
521 688 576 724 non
596 674 832 726 disertissimorum

290 758 515 808 ...hominum
548 772 637 808 sermo
670 759 832 823 repetendus

289 851 361 894 esset
369 843 557 908 quoseandem
567 845 637 895 banc
646 843 830 908 quaestionem

289 934 487 991 pertractantes
503 928 650 978 admodum
667 928 769 977 invenis
784 941 832 976 au-

290 1012 353 1061 divi.
391 1011 430 1061 lta
443 1026 498 1061 non
514 1011 622 1074 iugenio
637 1011 683 1060 sed
701 1010 832 1061 memoria

290 1100 318 1144 et
329 1094 516 1145 recordatione
527 1107 595 1156 opus
605 1098 647 1143 est

259 1742 543 1795 01111180001110.
559 1778 565 1792 .
581 1741 830 1805 .Aperomniem-

290 1825 391 1875 ditione
407 1826 526 1875 imbutus
539 1825 730 1875 contemnebat
740 1826 830 1887 potins

290 1908 392 1958 litteras
420 1922 501 1972 quam
530 1908 666 1958 nesciebat
690 1915 828 1970 tamquam

290 1993 438 2044 maiorem.
454 2028 461 2041 .
477 2028 483 2040 .
498 1991 610 2055 gloriam
640 1992 781 2042 habiturus
806 1991 829 2040 sl

290 2076 426 2139 ingenium
464 2076 522 2125 eius
558 2074 639 2125 nullis
679 2075 828 2125 alienarum

289 2159 388 2208 artium
405 2157 575 2208 adminiculis
594 2158 675 2207 inniti
693 2157 830 2208 videretur

259 2503 280 2542 a
293 2491 332 2541 31
351 2491 433 2555 igitur
448 2496 481 2541 ut
497 2491 658 2541 intravimus
674 2489 828 2540 cubiculum

289 2575 415 2634 Materni,
433 2574 572 2624 sedentem
591 2575 730 2636 ipsumque
747 2587 828 2637 quem

289 2657 373 2720 pridie
381 2659 540 2708 recitaverat
548 2657 646 2706 librum
654 2657 725 2706 iuter
732 2670 829 2706 manus

289 2740 432 2791 habentem
444 2740 668 2803 deprehendimus

260 2920 280 2957 c.
292 2907 328 2956 41
340 2908 511 2971 perturbarer
522 2907 572 2957 hac
584 2912 633 2956 tua
643 2906 785 2956 severitate

256 3169 281 3207 0.
291 3159 343 3208 111
354 3156 497 3207 subridens
509 3157 648 3207 Maternus
658 3158 825 3218 ‘parantem’

290 3239 375 3303 iuquit
389 3245 447 3289 ‘me
462 3253 517 3288 non
533 3239 623 3289 minus
638 3238 684 3288 diu
702 3253 827 3290 accusare

290 3332 407 3375 oratores
418 3338 500 3387 qnam
515 3326 590 3387 Aper
605 3323 779 3374 laudaverat.
795 3361 801 3372 .
818 3360 824 3373 .

290 3414 345 3458 arte
362 3408 481 3472 quadam
498 3409 640 3472 mitigavit,
656 3407 828 3458 concedendo

290 3491 320 3542 110
333 3493 379 3556 qul
393 3506 489 3542 causas
504 3504 582 3556 agere
599 3503 654 3541 non
671 3495 780 3554 possent
796 3495 828 3540 ut

290 3587 380 3626 versus
392 3575 513 3626 lacerent

260 3909 393 3965 cliiii.
414 3909 523 3959 vixdum
547 3907 655 3958 finierat
677 3907 825 3967 Maternus,

290 4009 349 4046 cnm
367 3995 516 4057 Vipstanus
533 3990 658 4041 Messalla
674 3990 828 4052 cubiculum

290 4081 344 4132 elus
362 4081 497 4143 ingressus
514 4084 572 4126 001.
589 4114 594 4125 .
611 4113 617 4126 .
634 4081 713 4125 ‘num
731 4089 828 4137 parurn

290 4164 477 4229 tempestlnrs'
490 4163 576 4226 inquit
587 4162 732 4212 ‘interveni
743 4174 829 4211 secre-

290 4253 344 4298 tum
357 4247 498 4298 consillum
508 4283 513 4294 .
522 4283 528 4295 .
537 4247 552 4295 .'
562 4245 692 4304 ‘minima
700 4245 828 4304 minima’

291 4331 375 4395 lnquit
390 4329 530 4382 Secundus

1333 319 1455 384 lxxxix

881 509 915 559 de
932 509 1100 572 0101114
1119 524 1151 560 00
1168 510 1235 560 mihl
1252 511 1398 573 repetenda
1414 516 1456 561 est

914 593 1013 642 veteris
1024 593 1163 643 cuiusdam
1172 594 1381 644 memoriaenon
1390 608 1455 645 saue

914 677 980 726 satia
1002 675 1136 739 explicata
1159 677 1319 738 recordatio,
1342 678 1399 739 sed,
1423 686 1456 729 ut

914 761 1038 822 arbitror,
1059 764 1123 822 apta
1141 759 1175 809 ad
1195 759 1222 809 id
1241 762 1312 822 quod
1331 763 1453 825 requiris,
1475 799 1480 804 -

913 849 945 893 ut
956 857 1102 908 cognoscas
1114 857 1182 907 quae
1194 844 1245 893 viri
1263 847 1383 895 omnium
1401 847 1456 896 elo·

914 928 1100 990 quentissimi.
1117 929 1292 979 ..senserint
1319 930 1353 979 de
1380 930 1455 979 omni

913 1011 1018 1060 ratione
1033 1011 1140 1061 dicendi
1169 1013 1203 1062 de
1218 1027 1272 1076 rep.
1287 1013 1301 1062 1
1319 1012 1387 1075 8,13
1404 1026 1454 1063 uec

914 1100 1007 1142 nostra
1018 1094 1150 1157 quaedam
1160 1103 1201 1145 est
1210 1096 1375 1146 instituenda
1384 1110 1455 1147 nova

914 1183 942 1226 et
961 1191 979 1227 0
1001 1178 1078 1227 nobis
1102 1178 1212 1229 inventa
1235 1181 1303 1229 ratio
1326 1179 1373 1229 sed
1392 1216 1398 1229 .
1416 1217 1422 1229 .
1443 1216 1450 1229 .

913 1259 1146 1312 clarissimorum.
1168 1301 1173 1312 .
1195 1299 1201 1311 .
1223 1264 1341 1313 virorum
1364 1263 1455 1325 dlspu·

912 1344 981 1393 tatio
1005 1345 1152 1407 repeteuda
1175 1347 1304 1396 memoria
1324 1351 1364 1395 001
1385 1360 1454 1409 quae

913 1427 980 1476 mihi
1000 1427 1102 1491 tibique
1123 1428 1324 1478 adulescentulo
1346 1435 1405 1478 est.
1421 1465 1449 1479 ..

913 1511 1044 1573 exposita,
1059 1512 1086 1559 ln
1099 1525 1153 1573 qua
1164 1511 1231 1561 nihil
1244 1511 1318 1561 1010.
1335 1550 1341 1564 .
1356 1549 1362 1561 .
1378 1527 1454 1576 prae-

912 1594 1065 1643 termissum
1077 1599 1151 1657 puto.

879 1742 1453 1807 (100101111100111111001101100110

912 1831 944 1875 ut
975 1825 1088 1875 Graecus
1112 1862 1118 1876 .
1141 1862 1147 1876 .
1169 1863 1176 1876 .
1197 1826 1333 1877 Antoniae
1361 1834 1453 1878 autem

912 1908 1120 1971 probabiliorem
1132 1909 1182 1959 hoc
1195 1910 1294 1973 populo
1303 1911 1453 1961 orationem

911 1991 971 2041 iore
994 1993 1128 2052 censebat,
1151 1993 1174 2043 sl
1195 1993 1305 2043 omnino
1329 1994 1452 2045 didicisse

912 2089 1061 2138 numquam
1086 2083 1235 2139 putaretur,
1261 2084 1342 2139 atque
1364 2078 1402 2128 110
1423 2092 1453 2129 se

911 2164 1024 2222 uterque
1041 2162 1191 2223 graviorem
1209 2160 1276 2219 1010,
1293 2162 1316 2211 01
1333 2168 1453 2211 contem·

911 2255 984 2304 nere,
999 2243 1068 2292 alter
1079 2256 1113 2292 ne
1125 2257 1202 2293 nosse
1214 2243 1323 2306 quidem
1336 2244 1453 2295 Graecos

911 2324 1056 2375 videretur.

877 2490 911 2541 de
929 2497 984 2541 nat.
999 2491 1072 2541 deor.
1088 2491 1102 2540 1
1120 2492 1143 2552 1,
1160 2493 1191 2540 15
1211 2504 1275 2543 nam
1296 2507 1357 2543 cum
1377 2494 1453 2546 feriis

911 2574 1016 2623 Latinis
1041 2574 1076 2623 ad
1100 2588 1162 2623 eum
1186 2576 1326 2636 venissem,
1351 2576 1453 2626 offendi

911 2670 973 2706 eum
996 2657 1135 2706 sedentem
1157 2658 1183 2706 iu
1204 2658 1324 2710 exhedra
1343 2665 1371 2709 et
1390 2674 1452 2710 cum

911 2738 1015 2789 Velleio
1032 2739 1223 2803 disputantem.

877 2905 911 2955 de
923 2911 991 2956 orat.
1003 2905 1016 2954 1
1028 2907 1130 2967 51111)
1148 2920 1234 2969 neque
1249 2921 1313 2956 vero
1328 2908 1385 2958 istis
1399 2916 1452 2958 tra-

911 2988 1012 3053 3001110
1024 2989 1078 3038 tuis
1089 2990 1237 3052 perturbor.

878 3154 911 3205 de
929 3155 1121 3215 0101.111,11
1140 3161 1199 3204 tum
1216 3156 1308 3206 ridens
1325 3157 1454 3209 Scaevola

913 3243 982 3288 ‘non
995 3238 1117 3288 luctabor
1129 3241 1231 3288 tecum'
1246 3240 1351 3302 inquit.
1367 3277 1373 3289 .
1390 3277 1396 3289 .
1411 3241 1453 3290 ‘id

911 3323 983 3372 enim
996 3324 1083 3384 lpsum
1094 3322 1167 3383 quod
1180 3328 1275 3372 contra
1289 3337 1332 3372 me
1347 3323 1453 3374 locutus

910 3420 940 3456 es
959 3404 1074 3456 artliiclo
1093 3405 1210 3468 quodam
1231 3420 1260 3456 00
1282 3414 1450 3469 consecutus,

910 3495 980 3539 utet
992 3490 1058 3539 milri
1070 3503 1138 3553 quae
1151 3503 1201 3553 ego
1213 3489 1308 3540 vellem
1325 3505 1379 3540 uon
1395 3504 1452 3540 esse

911 3573 1026 3623 oratoris
1045 3573 1206 3624 concederes
1226 3581 1254 3623 et
1272 3587 1305 3624 ea
1323 3574 1381 3637 ipsa
1398 3611 1403 3623 .
1420 3612 1448 3624 ..

911 3670 1003 3706 misus
1034 3656 1208 3719 detorqueres
1239 3663 1320 3720 atque
1351 3657 1452 3707 oratori

910 3740 1019 3803 propria
1030 3740 1158 3791 traderes.

877 3906 912 3956 de
928 3920 982 3970 rep.
998 3907 1010 3956 l
1027 3908 1109 3966 12,17
1132 3905 1206 3957 Ηο00
1227 3905 1316 3969 Scipio
1334 3921 1395 3957 cum
1412 3907 1453 3957 di·

911 3990 1002 4047 xisset,
1013 3992 1042 4039 L.
1054 3991 1165 4040 Furium
1178 3996 1288 4053 repente
1300 3991 1452 4041 venientem

911 4075 1034 4136 aspexit.
1051 4111 1056 4123 .
1073 4111 1079 4123 .
1116 4077 1186 4124 Tum
1199 4075 1311 4124 Furius:
1328 4073 1394 4136 quid
1406 4087 1454 4124 voe
1496 4089 1499 4093 ’

912 4159 1012 4222 agitis?
1030 4174 1095 4209 uum
1109 4173 1261 4210 sermonem
1274 4167 1391 4210 vestrum
1404 4158 1453 4208 all-

913 4257 992 4306 quem
1015 4242 1124 4293 diremit
1149 4252 1240 4294 noster
1262 4245 1452 4294 interventus?

913 4327 1025 4377 Minime
1037 4340 1109 4387 vero,
1124 4325 1277 4379 Africanus.
