<?xml version="1.0" encoding="UTF-8"?>
<!DOCTYPE html PUBLIC "-//W3C//DTD XHTML 1.0 Transitional//EN"
    "http://www.w3.org/TR/xhtml1/DTD/xhtml1-transitional.dtd">
<html xmlns="http://www.w3.org/1999/xhtml" xml:lang="en" lang="en">
 <head>
  <title>
</title>
<meta http-equiv="Content-Type" content="text/html;charset=utf-8" />
  <meta name='ocr-system' content='tesseract 3.04.00' />
  <meta name='ocr-capabilities' content='ocr_page ocr_carea ocr_par ocr_line ocrx_word'/>
</head>
<body>
  <div class='ocr_page' id='page_1' title='image "./dialogusdeorato00gudegoog_0481.png"; bbox 0 0 3428 4912; ppageno 0'>
   <div class='ocr_carea' id='block_1_1' title="bbox 263 311 918 378">
    <p class='ocr_par' dir='ltr' id='par_1_1' title="bbox 263 311 918 378">
     <span class='ocr_line' id='line_1_1' title="bbox 263 311 918 378; baseline 0.005 -3"><span class='ocrx_word' id='word_1_1' title='bbox 263 311 329 375; x_wconf 81' lang='lat'>334</span> <span class='ocrx_word' id='word_1_2' title='bbox 795 330 918 378; x_wconf 79' lang='lat' dir='ltr'>nonus,</span> 
     </span>
    </p>
   </div>
   <div class='ocr_carea' id='block_1_2' title="bbox 304 502 1460 681">
    <p class='ocr_par' dir='ltr' id='par_1_2' title="bbox 304 502 1460 681">
     <span class='ocr_line' id='line_1_2' title="bbox 304 502 1238 581; baseline 0 -20"><span class='ocrx_word' id='word_1_3' title='bbox 304 504 344 561; x_wconf 87' lang='lat'>20</span> <span class='ocrx_word' id='word_1_4' title='bbox 367 504 402 563; x_wconf 88' lang='lat' dir='ltr'>iu</span> <span class='ocrx_word' id='word_1_5' title='bbox 419 505 503 564; x_wconf 86' lang='lat' dir='ltr'>loro:</span> <span class='ocrx_word' id='word_1_6' title='bbox 534 502 583 564; x_wconf 91' lang='lat' dir='ltr'>On</span> <span class='ocrx_word' id='word_1_7' title='bbox 597 503 653 562; x_wconf 90' lang='lat' dir='ltr'>the</span> <span class='ocrx_word' id='word_1_8' title='bbox 667 503 791 581; x_wconf 87' lang='lat' dir='ltr'>ellipsis</span> <span class='ocrx_word' id='word_1_9' title='bbox 806 503 842 562; x_wconf 87' lang='lat' dir='ltr'>of</span> <span class='ocrx_word' id='word_1_10' title='bbox 856 503 950 576; x_wconf 78' lang='lat' dir='ltr'>‘sed,&#39;</span> <span class='ocrx_word' id='word_1_11' title='bbox 965 522 1017 562; x_wconf 91' lang='lat' dir='ltr'>see</span> <span class='ocrx_word' id='word_1_12' title='bbox 1033 508 1106 562; x_wconf 90' lang='lat' dir='ltr'>note</span> <span class='ocrx_word' id='word_1_13' title='bbox 1121 521 1146 562; x_wconf 88' lang='grc'>0.</span> <span class='ocrx_word' id='word_1_14' title='bbox 1163 504 1182 563; x_wconf 90' lang='lat'>6</span> <span class='ocrx_word' id='word_1_15' title='bbox 1199 512 1238 562; x_wconf 87' lang='grc'>19.</span> 
     </span>
     <span class='ocr_line' id='line_1_3' title="bbox 304 600 1460 681; baseline 0.002 -21"><span class='ocrx_word' id='word_1_16' title='bbox 304 602 343 660; x_wconf 86' lang='grc'>21</span> <span class='ocrx_word' id='word_1_17' title='bbox 367 603 552 680; x_wconf 74' lang='lat' dir='ltr'><strong>ingentibus</strong></span> <span class='ocrx_word' id='word_1_18' title='bbox 569 603 673 665; x_wconf 83' lang='lat' dir='ltr'>verbis</span> <span class='ocrx_word' id='word_1_19' title='bbox 691 607 922 681; x_wconf 81' lang='lat' dir='ltr'>persequantur</span> <span class='ocrx_word' id='word_1_20' title='bbox 940 600 1117 678; x_wconf 72' lang='lat' dir='ltr'>‘harengue</span> <span class='ocrx_word' id='word_1_21' title='bbox 1134 602 1213 661; x_wconf 86' lang='lat' dir='ltr'>with</span> <span class='ocrx_word' id='word_1_22' title='bbox 1234 603 1360 681; x_wconf 85' lang='lat' dir='ltr'>mighty</span> <span class='ocrx_word' id='word_1_23' title='bbox 1375 603 1460 662; x_wconf 91' lang='lat' dir='ltr'>bom·</span> 
     </span>
    </p>
   </div>
   <div class='ocr_carea' id='block_1_3' title="bbox 262 701 353 760">
    <p class='ocr_par' dir='ltr' id='par_1_3' title="bbox 262 701 353 760">
     <span class='ocr_line' id='line_1_4' title="bbox 262 701 353 760; baseline 0.011 -1"><span class='ocrx_word' id='word_1_24' title='bbox 262 701 353 760; x_wconf 69' lang='lat' dir='ltr'>best!</span> 
     </span>
    </p>
   </div>
   <div class='ocr_carea' id='block_1_4' title="bbox 328 801 1461 1113">
    <p class='ocr_par' dir='ltr' id='par_1_4' title="bbox 328 801 1461 1113">
     <span class='ocr_line' id='line_1_5' title="bbox 362 801 1456 868; baseline 0.002 -17"><span class='ocrx_word' id='word_1_25' title='bbox 362 804 402 851; x_wconf 86' lang='lat' dir='ltr'>As</span> <span class='ocrx_word' id='word_1_26' title='bbox 415 802 571 864; x_wconf 85' lang='lat' dir='ltr'>‘prosequi’</span> <span class='ocrx_word' id='word_1_27' title='bbox 585 802 639 851; x_wconf 90' lang='lat' dir='ltr'>and</span> <span class='ocrx_word' id='word_1_28' title='bbox 654 802 805 864; x_wconf 83' lang='lat' dir='ltr'>‘persequi’</span> <span class='ocrx_word' id='word_1_29' title='bbox 825 815 870 851; x_wconf 91' lang='lat' dir='ltr'>are</span> <span class='ocrx_word' id='word_1_30' title='bbox 888 801 1043 864; x_wconf 85' lang='lat' dir='ltr'>repeatedly</span> <span class='ocrx_word' id='word_1_31' title='bbox 1058 802 1187 852; x_wconf 76' lang='lat' dir='ltr'>confused</span> <span class='ocrx_word' id='word_1_32' title='bbox 1206 803 1233 852; x_wconf 91' lang='lat' dir='ltr'>ln</span> <span class='ocrx_word' id='word_1_33' title='bbox 1251 817 1301 852; x_wconf 91' lang='lat' dir='ltr'>our</span> <span class='ocrx_word' id='word_1_34' title='bbox 1318 804 1393 853; x_wconf 84' lang='lat' dir='ltr'>MSS.</span> <span class='ocrx_word' id='word_1_35' title='bbox 1410 803 1456 868; x_wconf 84' lang='lat' dir='ltr'>(cf.</span> 
     </span>
     <span class='ocr_line' id='line_1_6' title="bbox 329 884 1459 950; baseline 0.002 -16"><span class='ocrx_word' id='word_1_36' title='bbox 329 884 700 950; x_wconf 57' lang='lat' dir='ltr'>muneremunere),</span> <span class='ocrx_word' id='word_1_37' title='bbox 723 885 798 934; x_wconf 87' lang='lat' dir='ltr'>there</span> <span class='ocrx_word' id='word_1_38' title='bbox 818 898 904 934; x_wconf 88' lang='lat' dir='ltr'>seems</span> <span class='ocrx_word' id='word_1_39' title='bbox 924 899 959 933; x_wconf 91' lang='lat' dir='ltr'>no</span> <span class='ocrx_word' id='word_1_40' title='bbox 981 899 1075 934; x_wconf 80' lang='lat' dir='ltr'>reason</span> <span class='ocrx_word' id='word_1_41' title='bbox 1097 886 1140 934; x_wconf 85' lang='lat' dir='ltr'>for</span> <span class='ocrx_word' id='word_1_42' title='bbox 1160 886 1302 948; x_wconf 84' lang='lat' dir='ltr'>departing</span> <span class='ocrx_word' id='word_1_43' title='bbox 1322 886 1391 935; x_wconf 83' lang='lat' dir='ltr'>from</span> <span class='ocrx_word' id='word_1_44' title='bbox 1413 887 1459 936; x_wconf 86' lang='lat' dir='ltr'>tbc</span> 
     </span>
     <span class='ocr_line' id='line_1_7' title="bbox 328 967 1461 1030; baseline 0.002 -14"><span class='ocrx_word' id='word_1_45' title='bbox 328 967 448 1017; x_wconf 85' lang='lat' dir='ltr'>classical</span> <span class='ocrx_word' id='word_1_46' title='bbox 465 981 555 1030; x_wconf 81' lang='lat' dir='ltr'>usage,</span> <span class='ocrx_word' id='word_1_47' title='bbox 571 981 637 1017; x_wconf 89' lang='lat' dir='ltr'>even</span> <span class='ocrx_word' id='word_1_48' title='bbox 655 967 757 1029; x_wconf 82' lang='lat' dir='ltr'>though</span> <span class='ocrx_word' id='word_1_49' title='bbox 773 968 913 1029; x_wconf 81' lang='lat' dir='ltr'>‘prosequi</span> <span class='ocrx_word' id='word_1_50' title='bbox 930 968 1060 1027; x_wconf 87' lang='lat' dir='ltr'>oratione,</span> <span class='ocrx_word' id='word_1_51' title='bbox 1076 968 1178 1017; x_wconf 86' lang='lat' dir='ltr'>verbis’</span> <span class='ocrx_word' id='word_1_52' title='bbox 1195 968 1217 1016; x_wconf 89' lang='lat' dir='ltr'>is</span> <span class='ocrx_word' id='word_1_53' title='bbox 1234 967 1388 1030; x_wconf 79' lang='lat' dir='ltr'>frequently</span> <span class='ocrx_word' id='word_1_54' title='bbox 1403 977 1461 1018; x_wconf 84' lang='lat' dir='ltr'>met</span> 
     </span>
     <span class='ocr_line' id='line_1_8' title="bbox 328 1050 787 1113; baseline 0.004 -15"><span class='ocrx_word' id='word_1_55' title='bbox 328 1050 393 1098; x_wconf 86' lang='lat' dir='ltr'>with</span> <span class='ocrx_word' id='word_1_56' title='bbox 406 1050 433 1098; x_wconf 92' lang='lat' dir='ltr'>in</span> <span class='ocrx_word' id='word_1_57' title='bbox 446 1052 664 1113; x_wconf 80' lang='lat' dir='ltr'>post-Augustan</span> <span class='ocrx_word' id='word_1_58' title='bbox 678 1051 787 1100; x_wconf 82' lang='lat' dir='ltr'>writers.</span> 
     </span>
    </p>
   </div>
   <div class='ocr_carea' id='block_1_5' title="bbox 252 1165 1462 4408">
    <p class='ocr_par' dir='ltr' id='par_1_5' title="bbox 252 1165 1462 4408">
     <span class='ocr_line' id='line_1_9' title="bbox 303 1165 1461 1245; baseline 0.002 -22"><span class='ocrx_word' id='word_1_59' title='bbox 303 1165 343 1223; x_wconf 83' lang='lat'>22</span> <span class='ocrx_word' id='word_1_60' title='bbox 366 1182 438 1226; x_wconf 89' lang='lat' dir='ltr'>cum</span> <span class='ocrx_word' id='word_1_61' title='bbox 462 1167 502 1226; x_wconf 82' lang='lat' dir='ltr'>ad</span> <span class='ocrx_word' id='word_1_62' title='bbox 525 1183 614 1228; x_wconf 83' lang='lat' dir='ltr'>veros</span> <span class='ocrx_word' id='word_1_63' title='bbox 638 1166 758 1227; x_wconf 87' lang='lat' dir='ltr'>iudices</span> <span class='ocrx_word' id='word_1_64' title='bbox 782 1170 928 1226; x_wconf 83' lang='lat' dir='ltr'>ventum:</span> <span class='ocrx_word' id='word_1_65' title='bbox 961 1165 1027 1224; x_wconf 86' lang='lat' dir='ltr'>The</span> <span class='ocrx_word' id='word_1_66' title='bbox 1051 1171 1198 1225; x_wconf 85' lang='lat' dir='ltr'>sentence</span> <span class='ocrx_word' id='word_1_67' title='bbox 1222 1185 1294 1245; x_wconf 87' lang='lat' dir='ltr'>may</span> <span class='ocrx_word' id='word_1_68' title='bbox 1317 1166 1355 1226; x_wconf 94' lang='lat' dir='ltr'>be</span> <span class='ocrx_word' id='word_1_69' title='bbox 1378 1186 1461 1227; x_wconf 88' lang='lat' dir='ltr'>com-</span> 
     </span>
     <span class='ocr_line' id='line_1_10' title="bbox 261 1264 1460 1343; baseline 0.003 -20"><span class='ocrx_word' id='word_1_70' title='bbox 261 1265 369 1343; x_wconf 84' lang='lat' dir='ltr'>pleted</span> <span class='ocrx_word' id='word_1_71' title='bbox 384 1264 426 1342; x_wconf 93' lang='lat' dir='ltr'>by</span> <span class='ocrx_word' id='word_1_72' title='bbox 441 1264 615 1342; x_wconf 88' lang='lat' dir='ltr'>supplying</span> <span class='ocrx_word' id='word_1_73' title='bbox 630 1284 715 1324; x_wconf 89' lang='lat' dir='ltr'>some</span> <span class='ocrx_word' id='word_1_74' title='bbox 730 1265 844 1343; x_wconf 82' lang='lat' dir='ltr'>phrase</span> <span class='ocrx_word' id='word_1_75' title='bbox 859 1265 925 1324; x_wconf 81' lang='lat' dir='ltr'>lilre</span> <span class='ocrx_word' id='word_1_76' title='bbox 941 1264 1037 1343; x_wconf 74' lang='lat' dir='ltr'>‘they</span> <span class='ocrx_word' id='word_1_77' title='bbox 1051 1264 1176 1325; x_wconf 90' lang='lat' dir='ltr'>become</span> <span class='ocrx_word' id='word_1_78' title='bbox 1195 1265 1299 1340; x_wconf 89' lang='lat' dir='ltr'>silent,</span> <span class='ocrx_word' id='word_1_79' title='bbox 1316 1285 1351 1325; x_wconf 91' lang='lat' dir='ltr'>or</span> <span class='ocrx_word' id='word_1_80' title='bbox 1366 1267 1460 1326; x_wconf 86' lang='lat' dir='ltr'>make</span> 
     </span>
     <span class='ocr_line' id='line_1_11' title="bbox 261 1349 1461 1441; baseline 0.003 -18"><span class='ocrx_word' id='word_1_81' title='bbox 261 1383 280 1423; x_wconf 86' lang='lat' dir='ltr'>a</span> <span class='ocrx_word' id='word_1_82' title='bbox 301 1363 413 1423; x_wconf 87' lang='lat' dir='ltr'>fiasco&#39;</span> <span class='ocrx_word' id='word_1_83' title='bbox 433 1363 452 1422; x_wconf 92' lang='lat' dir='ltr'>i.</span> <span class='ocrx_word' id='word_1_84' title='bbox 467 1383 492 1422; x_wconf 88' lang='lat' dir='ltr'>e.</span> <span class='ocrx_word' id='word_1_85' title='bbox 510 1349 592 1423; x_wconf 84' lang='lat' dir='ltr'>from</span> <span class='ocrx_word' id='word_1_86' title='bbox 614 1363 687 1423; x_wconf 82' lang='lat' dir='ltr'>laclr</span> <span class='ocrx_word' id='word_1_87' title='bbox 708 1365 744 1424; x_wconf 90' lang='lat' dir='ltr'>of</span> <span class='ocrx_word' id='word_1_88' title='bbox 765 1364 870 1424; x_wconf 80' lang='lat' dir='ltr'>actual</span> <span class='ocrx_word' id='word_1_89' title='bbox 887 1351 1086 1441; x_wconf 76' lang='lat' dir='ltr'>&#39;experienoe</span> <span class='ocrx_word' id='word_1_90' title='bbox 1131 1364 1180 1425; x_wconf 83' lang='lat' dir='ltr'>cf.</span> <span class='ocrx_word' id='word_1_91' title='bbox 1198 1365 1268 1424; x_wconf 87' lang='lat' dir='ltr'>Seu.</span> <span class='ocrx_word' id='word_1_92' title='bbox 1285 1367 1392 1426; x_wconf 84' lang='lat' dir='ltr'>Contr.</span> <span class='ocrx_word' id='word_1_93' title='bbox 1410 1366 1461 1426; x_wconf 89' lang='lat' dir='ltr'>IX</span> 
     </span>
     <span class='ocr_line' id='line_1_12' title="bbox 261 1459 1460 1541; baseline 0.003 -20"><span class='ocrx_word' id='word_1_94' title='bbox 261 1463 398 1541; x_wconf 74' lang='lat' dir='ltr'>precib</span> <span class='ocrx_word' id='word_1_95' title='bbox 424 1463 531 1540; x_wconf 91' lang='lat' dir='ltr'>itaque</span> <span class='ocrx_word' id='word_1_96' title='bbox 557 1463 645 1522; x_wconf 87' lang='lat' dir='ltr'>velut</span> <span class='ocrx_word' id='word_1_97' title='bbox 671 1464 818 1522; x_wconf 89' lang='lat' dir='ltr'>umbroso</span> <span class='ocrx_word' id='word_1_98' title='bbox 841 1469 873 1522; x_wconf 91' lang='lat' dir='ltr'>et</span> <span class='ocrx_word' id='word_1_99' title='bbox 895 1459 1027 1522; x_wconf 89' lang='lat' dir='ltr'>obscuro</span> <span class='ocrx_word' id='word_1_100' title='bbox 1052 1464 1242 1541; x_wconf 80' lang='lat' dir='ltr'>prodeuntes</span> <span class='ocrx_word' id='word_1_101' title='bbox 1264 1464 1333 1523; x_wconf 91' lang='lat' dir='ltr'>loco</span> <span class='ocrx_word' id='word_1_102' title='bbox 1355 1464 1460 1524; x_wconf 87' lang='lat' dir='ltr'>clarae</span> 
     </span>
     <span class='ocr_line' id='line_1_13' title="bbox 260 1562 1462 1638; baseline 0.002 -17"><span class='ocrx_word' id='word_1_103' title='bbox 260 1563 341 1622; x_wconf 88' lang='lat' dir='ltr'>lucis</span> <span class='ocrx_word' id='word_1_104' title='bbox 364 1562 470 1638; x_wconf 89' lang='lat' dir='ltr'>fulgor</span> <span class='ocrx_word' id='word_1_105' title='bbox 486 1562 633 1622; x_wconf 90' lang='lat' dir='ltr'>obcaecat</span> <span class='ocrx_word' id='word_1_106' title='bbox 648 1562 693 1621; x_wconf 90' lang='lat' dir='ltr'>sic</span> <span class='ocrx_word' id='word_1_107' title='bbox 709 1562 788 1621; x_wconf 91' lang='lat' dir='ltr'>istos</span> <span class='ocrx_word' id='word_1_108' title='bbox 804 1581 820 1621; x_wconf 90' lang='lat' dir='ltr'>e</span> <span class='ocrx_word' id='word_1_109' title='bbox 836 1562 953 1622; x_wconf 89' lang='lat' dir='ltr'>scholis</span> <span class='ocrx_word' id='word_1_110' title='bbox 970 1562 1003 1620; x_wconf 92' lang='lat' dir='ltr'>in</span> <span class='ocrx_word' id='word_1_111' title='bbox 1019 1563 1122 1621; x_wconf 88' lang='lat' dir='ltr'>forum</span> <span class='ocrx_word' id='word_1_112' title='bbox 1137 1566 1337 1623; x_wconf 85' lang='lat' dir='ltr'>transeuntes</span> <span class='ocrx_word' id='word_1_113' title='bbox 1352 1564 1462 1624; x_wconf 89' lang='lat' dir='ltr'>omnia</span> 
     </span>
     <span class='ocr_line' id='line_1_14' title="bbox 260 1661 1462 1739; baseline 0.002 -19"><span class='ocrx_word' id='word_1_114' title='bbox 260 1667 422 1739; x_wconf 81' lang='lat' dir='ltr'>tamquam</span> <span class='ocrx_word' id='word_1_115' title='bbox 438 1680 521 1721; x_wconf 88' lang='lat' dir='ltr'>nova</span> <span class='ocrx_word' id='word_1_116' title='bbox 534 1668 566 1721; x_wconf 90' lang='lat' dir='ltr'>et</span> <span class='ocrx_word' id='word_1_117' title='bbox 582 1661 749 1720; x_wconf 88' lang='lat' dir='ltr'>invisitata</span> <span class='ocrx_word' id='word_1_118' title='bbox 765 1662 954 1739; x_wconf 86' lang='lat' dir='ltr'>perturbant</span> <span class='ocrx_word' id='word_1_119' title='bbox 969 1681 1025 1721; x_wconf 90' lang='lat' dir='ltr'>nec</span> <span class='ocrx_word' id='word_1_120' title='bbox 1040 1667 1114 1721; x_wconf 88' lang='lat' dir='ltr'>ante</span> <span class='ocrx_word' id='word_1_121' title='bbox 1129 1661 1163 1720; x_wconf 92' lang='lat' dir='ltr'>in</span> <span class='ocrx_word' id='word_1_122' title='bbox 1178 1669 1334 1722; x_wconf 88' lang='lat' dir='ltr'>oratorem</span> <span class='ocrx_word' id='word_1_123' title='bbox 1353 1682 1462 1723; x_wconf 91' lang='lat' dir='ltr'>conro-</span> 
     </span>
     <span class='ocr_line' id='line_1_15' title="bbox 261 1760 1461 1839; baseline 0.003 -20"><span class='ocrx_word' id='word_1_124' title='bbox 261 1761 411 1820; x_wconf 80' lang='lat' dir='ltr'>borentur</span> <span class='ocrx_word' id='word_1_125' title='bbox 427 1780 520 1838; x_wconf 90' lang='lat' dir='ltr'>quam</span> <span class='ocrx_word' id='word_1_126' title='bbox 533 1807 539 1820; x_wconf 95' lang='lat'>.</span> <span class='ocrx_word' id='word_1_127' title='bbox 554 1807 560 1820; x_wconf 98' lang='lat'>.</span> <span class='ocrx_word' id='word_1_128' title='bbox 575 1807 581 1819; x_wconf 99' lang='lat'>.</span> <span class='ocrx_word' id='word_1_129' title='bbox 595 1760 749 1838; x_wconf 87' lang='lat' dir='ltr'>puerilem</span> <span class='ocrx_word' id='word_1_130' title='bbox 765 1760 906 1820; x_wconf 81' lang='lat' dir='ltr'>animuin</span> <span class='ocrx_word' id='word_1_131' title='bbox 922 1760 1119 1821; x_wconf 78' lang='lat' dir='ltr'>scholasticis</span> <span class='ocrx_word' id='word_1_132' title='bbox 1134 1761 1257 1820; x_wconf 88' lang='lat' dir='ltr'>deliciis</span> <span class='ocrx_word' id='word_1_133' title='bbox 1273 1762 1461 1839; x_wconf 87' lang='lat' dir='ltr'>languidum</span> 
     </span>
     <span class='ocr_line' id='line_1_16' title="bbox 261 1860 1462 1922; baseline 0.002 -5"><span class='ocrx_word' id='word_1_134' title='bbox 261 1880 335 1920; x_wconf 88' lang='lat' dir='ltr'>vero</span> <span class='ocrx_word' id='word_1_135' title='bbox 352 1860 459 1919; x_wconf 89' lang='lat' dir='ltr'>labore</span> <span class='ocrx_word' id='word_1_136' title='bbox 475 1860 638 1919; x_wconf 89' lang='lat' dir='ltr'>durarunt.</span> <span class='ocrx_word' id='word_1_137' title='bbox 683 1861 809 1919; x_wconf 90' lang='lat' dir='ltr'>Petron.</span> <span class='ocrx_word' id='word_1_138' title='bbox 824 1861 842 1918; x_wconf 92' lang='lat'>1</span> <span class='ocrx_word' id='word_1_139' title='bbox 858 1879 941 1920; x_wconf 91' lang='lat' dir='ltr'>nunc</span> <span class='ocrx_word' id='word_1_140' title='bbox 956 1865 988 1918; x_wconf 90' lang='lat' dir='ltr'>et</span> <span class='ocrx_word' id='word_1_141' title='bbox 1003 1880 1108 1919; x_wconf 87' lang='lat' dir='ltr'>rerum</span> <span class='ocrx_word' id='word_1_142' title='bbox 1123 1867 1245 1921; x_wconf 85' lang='lat' dir='ltr'>tumore</span> <span class='ocrx_word' id='word_1_143' title='bbox 1260 1861 1462 1922; x_wconf 76' lang='grc'><strong>0100010011-</strong></span> 
     </span>
     <span class='ocr_line' id='line_1_17' title="bbox 261 1958 1462 2038; baseline 0.003 -21"><span class='ocrx_word' id='word_1_144' title='bbox 261 1978 349 2018; x_wconf 87' lang='lat' dir='ltr'>arum</span> <span class='ocrx_word' id='word_1_145' title='bbox 372 1959 546 2019; x_wconf 88' lang='lat' dir='ltr'>vanissimo</span> <span class='ocrx_word' id='word_1_146' title='bbox 569 1959 708 2037; x_wconf 86' lang='lat' dir='ltr'>strepitu</span> <span class='ocrx_word' id='word_1_147' title='bbox 729 1958 787 2019; x_wconf 91' lang='lat' dir='ltr'>hoc</span> <span class='ocrx_word' id='word_1_148' title='bbox 809 1965 935 2018; x_wconf 86' lang='lat' dir='ltr'>tantum</span> <span class='ocrx_word' id='word_1_149' title='bbox 957 1959 1134 2036; x_wconf 85' lang='lat' dir='ltr'>proficiunt,</span> <span class='ocrx_word' id='word_1_150' title='bbox 1150 1966 1195 2033; x_wconf 90' lang='lat' dir='ltr'>ut,</span> <span class='ocrx_word' id='word_1_151' title='bbox 1211 1981 1280 2018; x_wconf 78' lang='lat' dir='ltr'>cuna</span> <span class='ocrx_word' id='word_1_152' title='bbox 1300 1961 1334 2019; x_wconf 78' lang='lat' dir='ltr'>in</span> <span class='ocrx_word' id='word_1_153' title='bbox 1348 1963 1462 2038; x_wconf 77' lang='lat' dir='ltr'>forum</span> 
     </span>
     <span class='ocr_line' id='line_1_18' title="bbox 260 2059 1462 2138; baseline 0.003 -22"><span class='ocrx_word' id='word_1_154' title='bbox 260 2060 406 2133; x_wconf 76' lang='lat' dir='ltr'>venerint,</span> <span class='ocrx_word' id='word_1_155' title='bbox 428 2067 541 2136; x_wconf 82' lang='lat' dir='ltr'>puteat</span> <span class='ocrx_word' id='word_1_156' title='bbox 566 2079 596 2117; x_wconf 80' lang='lat' dir='ltr'>se</span> <span class='ocrx_word' id='word_1_157' title='bbox 621 2059 655 2117; x_wconf 80' lang='lat' dir='ltr'>ia</span> <span class='ocrx_word' id='word_1_158' title='bbox 680 2060 780 2117; x_wconf 75' lang='lat' dir='ltr'>alium</span> <span class='ocrx_word' id='word_1_159' title='bbox 809 2069 961 2118; x_wconf 80' lang='lat' dir='ltr'>terrarum</span> <span class='ocrx_word' id='word_1_160' title='bbox 986 2061 1083 2118; x_wconf 82' lang='lat' dir='ltr'>orbem</span> <span class='ocrx_word' id='word_1_161' title='bbox 1108 2060 1223 2118; x_wconf 85' lang='lat' dir='ltr'>delatos</span> <span class='ocrx_word' id='word_1_162' title='bbox 1247 2066 1279 2118; x_wconf 87' lang='grc'>01</span> <span class='ocrx_word' id='word_1_163' title='bbox 1305 2060 1375 2119; x_wconf 88' lang='lat' dir='ltr'>ideo</span> <span class='ocrx_word' id='word_1_164' title='bbox 1402 2080 1462 2138; x_wconf 83' lang='lat' dir='ltr'>ego</span> 
     </span>
     <span class='ocr_line' id='line_1_19' title="bbox 260 2157 1460 2237; baseline 0.004 -21"><span class='ocrx_word' id='word_1_165' title='bbox 260 2158 515 2217; x_wconf 85' lang='lat' dir='ltr'>adulescentulos</span> <span class='ocrx_word' id='word_1_166' title='bbox 539 2158 688 2216; x_wconf 86' lang='lat' dir='ltr'>existimo</span> <span class='ocrx_word' id='word_1_167' title='bbox 710 2158 918 2217; x_wconf 90' lang='lat' dir='ltr'>stultissimos</span> <span class='ocrx_word' id='word_1_168' title='bbox 942 2157 1010 2216; x_wconf 91' lang='lat' dir='ltr'>fieri</span> <span class='ocrx_word' id='word_1_169' title='bbox 1034 2158 1110 2235; x_wconf 90' lang='lat' dir='ltr'>quia</span> <span class='ocrx_word' id='word_1_170' title='bbox 1131 2158 1213 2216; x_wconf 93' lang='lat' dir='ltr'>nihil</span> <span class='ocrx_word' id='word_1_171' title='bbox 1236 2178 1275 2217; x_wconf 86' lang='lat' dir='ltr'>ex</span> <span class='ocrx_word' id='word_1_172' title='bbox 1299 2159 1354 2233; x_wconf 89' lang='lat' dir='ltr'>eis,</span> <span class='ocrx_word' id='word_1_173' title='bbox 1378 2180 1460 2237; x_wconf 81' lang='lat' dir='ltr'>quae</span> 
     </span>
     <span class='ocr_line' id='line_1_20' title="bbox 260 2257 1461 2336; baseline 0.002 -20"><span class='ocrx_word' id='word_1_174' title='bbox 260 2258 295 2316; x_wconf 92' lang='lat' dir='ltr'>iu</span> <span class='ocrx_word' id='word_1_175' title='bbox 314 2278 371 2316; x_wconf 89' lang='lat' dir='ltr'>usu</span> <span class='ocrx_word' id='word_1_176' title='bbox 391 2258 542 2317; x_wconf 80' lang='lat' dir='ltr'>hebemus</span> <span class='ocrx_word' id='word_1_177' title='bbox 565 2262 620 2316; x_wconf 87' lang='lat' dir='ltr'>aut</span> <span class='ocrx_word' id='word_1_178' title='bbox 642 2257 776 2316; x_wconf 88' lang='lat' dir='ltr'>audiunt</span> <span class='ocrx_word' id='word_1_179' title='bbox 798 2264 853 2316; x_wconf 85' lang='lat' dir='ltr'>aut</span> <span class='ocrx_word' id='word_1_180' title='bbox 868 2257 978 2316; x_wconf 85' lang='lat' dir='ltr'>vident</span> <span class='ocrx_word' id='word_1_181' title='bbox 1007 2257 1113 2327; x_wconf 88' lang='lat' dir='ltr'>Quint.</span> <span class='ocrx_word' id='word_1_182' title='bbox 1131 2258 1264 2331; x_wconf 84' lang='lat' dir='ltr'>111o,9</span> <span class='ocrx_word' id='word_1_183' title='bbox 1286 2259 1370 2317; x_wconf 90' lang='lat' dir='ltr'>nihil</span> <span class='ocrx_word' id='word_1_184' title='bbox 1384 2279 1461 2336; x_wconf 88' lang='lat' dir='ltr'>ergo</span> 
     </span>
     <span class='ocr_line' id='line_1_21' title="bbox 260 2356 1461 2433; baseline 0.003 -19"><span class='ocrx_word' id='word_1_185' title='bbox 260 2357 344 2416; x_wconf 89' lang='lat' dir='ltr'>inter</span> <span class='ocrx_word' id='word_1_186' title='bbox 366 2358 491 2416; x_wconf 84' lang='lat' dir='ltr'>forense</span> <span class='ocrx_word' id='word_1_187' title='bbox 515 2376 612 2433; x_wconf 81' lang='lat' dir='ltr'>genus</span> <span class='ocrx_word' id='word_1_188' title='bbox 635 2356 761 2415; x_wconf 88' lang='lat' dir='ltr'>dicendi</span> <span class='ocrx_word' id='word_1_189' title='bbox 776 2363 871 2433; x_wconf 91' lang='lat' dir='ltr'>atque</span> <span class='ocrx_word' id='word_1_190' title='bbox 888 2357 944 2416; x_wconf 90' lang='lat' dir='ltr'>hoc</span> <span class='ocrx_word' id='word_1_191' title='bbox 960 2357 1218 2416; x_wconf 83' lang='lat' dir='ltr'>declamatorium</span> <span class='ocrx_word' id='word_1_192' title='bbox 1233 2357 1408 2418; x_wconf 85' lang='lat' dir='ltr'>intererit?</span> <span class='ocrx_word' id='word_1_193' title='bbox 1431 2360 1461 2418; x_wconf 90' lang='lat' dir='ltr'>si</span> 
     </span>
     <span class='ocr_line' id='line_1_22' title="bbox 260 2455 1461 2535; baseline 0.003 -21"><span class='ocrx_word' id='word_1_194' title='bbox 260 2458 422 2534; x_wconf 85' lang='lat' dir='ltr'>profectus</span> <span class='ocrx_word' id='word_1_195' title='bbox 445 2457 548 2533; x_wconf 87' lang='lat' dir='ltr'>gratia</span> <span class='ocrx_word' id='word_1_196' title='bbox 569 2456 712 2529; x_wconf 87' lang='lat' dir='ltr'>dicimus,</span> <span class='ocrx_word' id='word_1_197' title='bbox 729 2455 833 2514; x_wconf 92' lang='lat' dir='ltr'>nihil.</span> <span class='ocrx_word' id='word_1_198' title='bbox 851 2502 857 2514; x_wconf 91' lang='lat'>.</span> <span class='ocrx_word' id='word_1_199' title='bbox 875 2503 881 2515; x_wconf 92' lang='lat'>.</span> <span class='ocrx_word' id='word_1_200' title='bbox 899 2475 979 2533; x_wconf 90' lang='lat' dir='ltr'>quae</span> <span class='ocrx_word' id='word_1_201' title='bbox 1002 2475 1068 2530; x_wconf 91' lang='lat' dir='ltr'>nos,</span> <span class='ocrx_word' id='word_1_202' title='bbox 1085 2457 1260 2534; x_wconf 89' lang='lat' dir='ltr'>quamlibet</span> <span class='ocrx_word' id='word_1_203' title='bbox 1274 2477 1330 2535; x_wconf 89' lang='lat' dir='ltr'>per</span> <span class='ocrx_word' id='word_1_204' title='bbox 1344 2458 1410 2518; x_wconf 86' lang='lat' dir='ltr'>alia</span> <span class='ocrx_word' id='word_1_205' title='bbox 1425 2460 1461 2518; x_wconf 92' lang='lat' dir='ltr'>in</span> 
     </span>
     <span class='ocr_line' id='line_1_23' title="bbox 259 2555 1460 2629; baseline 0.003 -15"><span class='ocrx_word' id='word_1_206' title='bbox 259 2557 376 2615; x_wconf 89' lang='lat' dir='ltr'>scholis</span> <span class='ocrx_word' id='word_1_207' title='bbox 398 2556 564 2615; x_wconf 87' lang='lat' dir='ltr'>exercitati</span> <span class='ocrx_word' id='word_1_208' title='bbox 587 2555 695 2629; x_wconf 91' lang='lat' dir='ltr'>simus,</span> <span class='ocrx_word' id='word_1_209' title='bbox 718 2555 838 2615; x_wconf 88' lang='lat' dir='ltr'>tirones</span> <span class='ocrx_word' id='word_1_210' title='bbox 861 2556 894 2613; x_wconf 91' lang='lat' dir='ltr'>in</span> <span class='ocrx_word' id='word_1_211' title='bbox 917 2556 986 2614; x_wconf 88' lang='lat' dir='ltr'>foro</span> <span class='ocrx_word' id='word_1_212' title='bbox 1009 2556 1185 2616; x_wconf 86' lang='lat' dir='ltr'>inveniunt.</span> <span class='ocrx_word' id='word_1_213' title='bbox 1231 2558 1291 2616; x_wconf 80' lang='lat' dir='ltr'>For</span> <span class='ocrx_word' id='word_1_214' title='bbox 1313 2564 1460 2618; x_wconf 85' lang='lat' dir='ltr'>concrete</span> 
     </span>
     <span class='ocr_line' id='line_1_24' title="bbox 260 2648 1458 2734; baseline 0.003 -20"><span class='ocrx_word' id='word_1_215' title='bbox 260 2648 481 2729; x_wconf 83' lang='lat' dir='ltr'>illustraticns,</span> <span class='ocrx_word' id='word_1_216' title='bbox 499 2675 545 2732; x_wconf 91' lang='lat' dir='ltr'>cp.</span> <span class='ocrx_word' id='word_1_217' title='bbox 563 2655 617 2714; x_wconf 85' lang='lat' dir='ltr'>the</span> <span class='ocrx_word' id='word_1_218' title='bbox 634 2654 790 2714; x_wconf 82' lang='lat' dir='ltr'>incidente</span> <span class='ocrx_word' id='word_1_219' title='bbox 806 2654 927 2714; x_wconf 86' lang='lat' dir='ltr'>related</span> <span class='ocrx_word' id='word_1_220' title='bbox 941 2655 983 2732; x_wconf 91' lang='lat' dir='ltr'>by</span> <span class='ocrx_word' id='word_1_221' title='bbox 999 2654 1069 2714; x_wconf 86' lang='lat' dir='ltr'>Seu.</span> <span class='ocrx_word' id='word_1_222' title='bbox 1087 2656 1193 2716; x_wconf 77' lang='lat' dir='ltr'>Contu.</span> <span class='ocrx_word' id='word_1_223' title='bbox 1206 2657 1272 2715; x_wconf 93' lang='lat' dir='ltr'>VII</span> <span class='ocrx_word' id='word_1_224' title='bbox 1287 2656 1387 2734; x_wconf 87' lang='lat' dir='ltr'>praef.</span> <span class='ocrx_word' id='word_1_225' title='bbox 1402 2660 1421 2718; x_wconf 80' lang='lat' dir='ltr'>&#39;l</span> <span class='ocrx_word' id='word_1_226' title='bbox 1434 2658 1458 2717; x_wconf 88' lang='lat' dir='ltr'>f.</span> 
     </span>
     <span class='ocr_line' id='line_1_25' title="bbox 252 2753 1459 2830; baseline 0.002 -17"><span class='ocrx_word' id='word_1_227' title='bbox 252 2756 294 2830; x_wconf 69' lang='lat' dir='ltr'>‚of</span> <span class='ocrx_word' id='word_1_228' title='bbox 309 2754 471 2828; x_wconf 89' lang='lat' dir='ltr'>Albucius,</span> <span class='ocrx_word' id='word_1_229' title='bbox 485 2755 556 2813; x_wconf 81' lang='lat' dir='ltr'>who</span> <span class='ocrx_word' id='word_1_230' title='bbox 570 2755 654 2813; x_wconf 84' lang='lat' dir='ltr'>after</span> <span class='ocrx_word' id='word_1_231' title='bbox 669 2772 709 2812; x_wconf 86' lang='lat' dir='ltr'>an</span> <span class='ocrx_word' id='word_1_232' title='bbox 723 2753 944 2812; x_wconf 85' lang='lat' dir='ltr'>unsuocessful</span> <span class='ocrx_word' id='word_1_233' title='bbox 959 2760 1129 2813; x_wconf 90' lang='lat' dir='ltr'>encounter</span> <span class='ocrx_word' id='word_1_234' title='bbox 1140 2755 1219 2813; x_wconf 85' lang='lat' dir='ltr'>with</span> <span class='ocrx_word' id='word_1_235' title='bbox 1235 2756 1269 2813; x_wconf 89' lang='lat' dir='ltr'>L.</span> <span class='ocrx_word' id='word_1_236' title='bbox 1283 2755 1459 2816; x_wconf 87' lang='lat' dir='ltr'>Arruntius</span> 
     </span>
     <span class='ocr_line' id='line_1_26' title="bbox 259 2852 1459 2932; baseline 0.002 -19"><span class='ocrx_word' id='word_1_237' title='bbox 259 2854 441 2913; x_wconf 84' lang='lat' dir='ltr'>remarked:</span> <span class='ocrx_word' id='word_1_238' title='bbox 470 2853 547 2930; x_wconf 86' lang='lat' dir='ltr'>quid</span> <span class='ocrx_word' id='word_1_239' title='bbox 569 2853 669 2912; x_wconf 85' lang='lat' dir='ltr'>habeo</span> <span class='ocrx_word' id='word_1_240' title='bbox 691 2872 787 2929; x_wconf 89' lang='lat' dir='ltr'>quare</span> <span class='ocrx_word' id='word_1_241' title='bbox 810 2852 843 2910; x_wconf 92' lang='lat' dir='ltr'>in</span> <span class='ocrx_word' id='word_1_242' title='bbox 866 2852 935 2911; x_wconf 88' lang='lat' dir='ltr'>foro</span> <span class='ocrx_word' id='word_1_243' title='bbox 957 2853 1069 2926; x_wconf 88' lang='lat' dir='ltr'>dicam,</span> <span class='ocrx_word' id='word_1_244' title='bbox 1087 2873 1157 2913; x_wconf 92' lang='lat' dir='ltr'>cum</span> <span class='ocrx_word' id='word_1_245' title='bbox 1179 2854 1286 2932; x_wconf 91' lang='lat' dir='ltr'>plures</span> <span class='ocrx_word' id='word_1_246' title='bbox 1305 2874 1353 2913; x_wconf 90' lang='lat' dir='ltr'>me</span> <span class='ocrx_word' id='word_1_247' title='bbox 1371 2855 1459 2915; x_wconf 90' lang='lat' dir='ltr'>domi</span> 
     </span>
     <span class='ocr_line' id='line_1_27' title="bbox 259 2952 1460 3030; baseline 0.002 -18"><span class='ocrx_word' id='word_1_248' title='bbox 259 2954 390 3012; x_wconf 84' lang='lat' dir='ltr'>audiant</span> <span class='ocrx_word' id='word_1_249' title='bbox 412 2972 506 3030; x_wconf 87' lang='lat' dir='ltr'>quam</span> <span class='ocrx_word' id='word_1_250' title='bbox 529 2971 719 3029; x_wconf 86' lang='lat' dir='ltr'>quemquam</span> <span class='ocrx_word' id='word_1_251' title='bbox 743 2952 775 3009; x_wconf 91' lang='lat' dir='ltr'>in</span> <span class='ocrx_word' id='word_1_252' title='bbox 798 2952 893 3010; x_wconf 88' lang='lat' dir='ltr'>foro?</span> <span class='ocrx_word' id='word_1_253' title='bbox 923 2972 993 3011; x_wconf 91' lang='lat' dir='ltr'>curn</span> <span class='ocrx_word' id='word_1_254' title='bbox 1015 2952 1087 3011; x_wconf 86' lang='lat' dir='ltr'>volo</span> <span class='ocrx_word' id='word_1_255' title='bbox 1110 2953 1189 3027; x_wconf 86' lang='lat' dir='ltr'>dioc,</span> <span class='ocrx_word' id='word_1_256' title='bbox 1212 2953 1283 3012; x_wconf 88' lang='lat' dir='ltr'>dico</span> <span class='ocrx_word' id='word_1_257' title='bbox 1305 2955 1460 3030; x_wconf 88' lang='lat' dir='ltr'>quamdiu</span> 
     </span>
     <span class='ocr_line' id='line_1_28' title="bbox 258 3051 1460 3128; baseline 0.004 -18"><span class='ocrx_word' id='word_1_258' title='bbox 258 3053 339 3125; x_wconf 85' lang='lat' dir='ltr'>v010,</span> <span class='ocrx_word' id='word_1_259' title='bbox 356 3071 461 3111; x_wconf 89' lang='lat' dir='ltr'>assum</span> <span class='ocrx_word' id='word_1_260' title='bbox 477 3051 541 3110; x_wconf 85' lang='lat' dir='ltr'>utri</span> <span class='ocrx_word' id='word_1_261' title='bbox 558 3051 628 3110; x_wconf 87' lang='lat' dir='ltr'>volo</span> <span class='ocrx_word' id='word_1_262' title='bbox 645 3052 709 3110; x_wconf 90' lang='lat' dir='ltr'>and</span> <span class='ocrx_word' id='word_1_263' title='bbox 724 3052 774 3110; x_wconf 84' lang='lat' dir='ltr'>IX</span> <span class='ocrx_word' id='word_1_264' title='bbox 790 3051 888 3128; x_wconf 82' lang='lat' dir='ltr'>praef.</span> <span class='ocrx_word' id='word_1_265' title='bbox 905 3053 924 3110; x_wconf 87' lang='lat'><strong>3</strong></span> <span class='ocrx_word' id='word_1_266' title='bbox 948 3052 1117 3110; x_wconf 87' lang='lat' dir='ltr'>Latronem</span> <span class='ocrx_word' id='word_1_267' title='bbox 1133 3052 1288 3125; x_wconf 89' lang='lat' dir='ltr'>Porcium,</span> <span class='ocrx_word' id='word_1_268' title='bbox 1306 3053 1460 3115; x_wconf 86' lang='lat' dir='ltr'>declama-</span> 
     </span>
     <span class='ocr_line' id='line_1_29' title="bbox 258 3150 1459 3228; baseline 0.002 -18"><span class='ocrx_word' id='word_1_269' title='bbox 258 3153 357 3211; x_wconf 88' lang='lat' dir='ltr'>toriae</span> <span class='ocrx_word' id='word_1_270' title='bbox 377 3151 509 3210; x_wconf 87' lang='lat' dir='ltr'>virtutis</span> <span class='ocrx_word' id='word_1_271' title='bbox 530 3151 659 3210; x_wconf 90' lang='lat' dir='ltr'>unicum</span> <span class='ocrx_word' id='word_1_272' title='bbox 682 3150 862 3227; x_wconf 85' lang='lat' dir='ltr'>exemplum</span> <span class='ocrx_word' id='word_1_273' title='bbox 884 3169 954 3208; x_wconf 90' lang='lat' dir='ltr'>oum</span> <span class='ocrx_word' id='word_1_274' title='bbox 975 3169 1032 3228; x_wconf 88' lang='lat' dir='ltr'>pro</span> <span class='ocrx_word' id='word_1_275' title='bbox 1047 3170 1099 3209; x_wconf 91' lang='lat' dir='ltr'>reo</span> <span class='ocrx_word' id='word_1_276' title='bbox 1115 3197 1121 3210; x_wconf 95' lang='lat'>.</span> <span class='ocrx_word' id='word_1_277' title='bbox 1139 3196 1145 3210; x_wconf 97' lang='lat'>.</span> <span class='ocrx_word' id='word_1_278' title='bbox 1164 3197 1170 3210; x_wconf 95' lang='lat'>.</span> <span class='ocrx_word' id='word_1_279' title='bbox 1188 3152 1320 3211; x_wconf 88' lang='lat' dir='ltr'>Rustico</span> <span class='ocrx_word' id='word_1_280' title='bbox 1342 3153 1459 3214; x_wconf 92' lang='lat' dir='ltr'>Porcio</span> 
     </span>
     <span class='ocr_line' id='line_1_30' title="bbox 259 3249 1459 3328; baseline 0.002 -18"><span class='ocrx_word' id='word_1_281' title='bbox 259 3251 435 3328; x_wconf 86' lang='lat' dir='ltr'>propinquo</span> <span class='ocrx_word' id='word_1_282' title='bbox 462 3249 512 3310; x_wconf 90' lang='lat' dir='ltr'>sui</span> <span class='ocrx_word' id='word_1_283' title='bbox 537 3250 666 3322; x_wconf 82' lang='lat' dir='ltr'>(liceret,</span> <span class='ocrx_word' id='word_1_284' title='bbox 690 3269 789 3325; x_wconf 87' lang='lat' dir='ltr'>usque</span> <span class='ocrx_word' id='word_1_285' title='bbox 816 3268 852 3308; x_wconf 90' lang='lat' dir='ltr'>eo</span> <span class='ocrx_word' id='word_1_286' title='bbox 878 3268 946 3308; x_wconf 89' lang='lat' dir='ltr'>esse</span> <span class='ocrx_word' id='word_1_287' title='bbox 972 3250 1147 3323; x_wconf 85' lang='lat' dir='ltr'>confusum,</span> <span class='ocrx_word' id='word_1_288' title='bbox 1170 3256 1206 3308; x_wconf 93' lang='lat' dir='ltr'>ut</span> <span class='ocrx_word' id='word_1_289' title='bbox 1228 3269 1247 3309; x_wconf 90' lang='lat' dir='ltr'>a</span> <span class='ocrx_word' id='word_1_290' title='bbox 1270 3251 1459 3313; x_wconf 89' lang='lat' dir='ltr'>soloecismo</span> 
     </span>
     <span class='ocr_line' id='line_1_31' title="bbox 258 3348 1461 3427; baseline 0.003 -19"><span class='ocrx_word' id='word_1_291' title='bbox 258 3351 422 3426; x_wconf 84' lang='lat' dir='ltr'>inciperet,</span> <span class='ocrx_word' id='word_1_292' title='bbox 439 3369 495 3409; x_wconf 88' lang='lat' dir='ltr'>nec</span> <span class='ocrx_word' id='word_1_293' title='bbox 518 3355 591 3408; x_wconf 85' lang='lat' dir='ltr'>ante</span> <span class='ocrx_word' id='word_1_294' title='bbox 614 3349 756 3425; x_wconf 88' lang='lat' dir='ltr'>potuisse</span> <span class='ocrx_word' id='word_1_295' title='bbox 779 3348 957 3408; x_wconf 88' lang='lat' dir='ltr'>confirmari</span> <span class='ocrx_word' id='word_1_296' title='bbox 980 3354 1099 3408; x_wconf 88' lang='lat' dir='ltr'>tectum</span> <span class='ocrx_word' id='word_1_297' title='bbox 1115 3368 1151 3409; x_wconf 89' lang='lat' dir='ltr'>ac</span> <span class='ocrx_word' id='word_1_298' title='bbox 1167 3350 1320 3427; x_wconf 88' lang='lat' dir='ltr'>parietem</span> <span class='ocrx_word' id='word_1_299' title='bbox 1336 3351 1461 3412; x_wconf 88' lang='lat' dir='ltr'>deside·</span> 
     </span>
     <span class='ocr_line' id='line_1_32' title="bbox 257 3448 1460 3526; baseline 0.002 -19"><span class='ocrx_word' id='word_1_300' title='bbox 257 3455 380 3508; x_wconf 85' lang='lat' dir='ltr'>rantem</span> <span class='ocrx_word' id='word_1_301' title='bbox 397 3468 491 3526; x_wconf 88' lang='lat' dir='ltr'>quam</span> <span class='ocrx_word' id='word_1_302' title='bbox 507 3448 701 3525; x_wconf 84' lang='lat' dir='ltr'>impetravit,</span> <span class='ocrx_word' id='word_1_303' title='bbox 717 3455 754 3506; x_wconf 91' lang='lat' dir='ltr'>ut</span> <span class='ocrx_word' id='word_1_304' title='bbox 772 3448 923 3507; x_wconf 84' lang='lat' dir='ltr'>iudicium</span> <span class='ocrx_word' id='word_1_305' title='bbox 939 3468 976 3506; x_wconf 87' lang='lat' dir='ltr'>ex</span> <span class='ocrx_word' id='word_1_306' title='bbox 993 3449 1063 3507; x_wconf 89' lang='lat' dir='ltr'>foro</span> <span class='ocrx_word' id='word_1_307' title='bbox 1079 3449 1112 3506; x_wconf 89' lang='lat' dir='ltr'>in</span> <span class='ocrx_word' id='word_1_308' title='bbox 1126 3449 1291 3507; x_wconf 87' lang='lat' dir='ltr'>basilicam</span> <span class='ocrx_word' id='word_1_309' title='bbox 1305 3451 1460 3511; x_wconf 84' lang='lat' dir='ltr'>transfer-</span> 
     </span>
     <span class='ocr_line' id='line_1_33' title="bbox 257 3536 1453 3624; baseline 0.008 -26"><span class='ocrx_word' id='word_1_310' title='bbox 257 3547 343 3599; x_wconf 91' lang='lat' dir='ltr'>retur</span> <span class='ocrx_word' id='word_1_311' title='bbox 363 3546 422 3600; x_wconf 86' lang='lat' dir='ltr'>etc.</span> <span class='ocrx_word' id='word_1_312' title='bbox 467 3543 533 3601; x_wconf 87' lang='lat' dir='ltr'>The</span> <span class='ocrx_word' id='word_1_313' title='bbox 549 3562 634 3602; x_wconf 89' lang='lat' dir='ltr'>same</span> <span class='ocrx_word' id='word_1_314' title='bbox 650 3545 801 3603; x_wconf 90' lang='lat' dir='ltr'>anecdote</span> <span class='ocrx_word' id='word_1_315' title='bbox 816 3545 843 3603; x_wconf 92' lang='lat' dir='ltr'>is</span> <span class='ocrx_word' id='word_1_316' title='bbox 859 3545 926 3604; x_wconf 91' lang='lat' dir='ltr'>also</span> <span class='ocrx_word' id='word_1_317' title='bbox 941 3536 1117 3606; x_wconf 68' lang='grc'><strong>0110101110</strong></span> <span class='ocrx_word' id='word_1_318' title='bbox 1131 3547 1173 3624; x_wconf 92' lang='lat' dir='ltr'>by</span> <span class='ocrx_word' id='word_1_319' title='bbox 1188 3547 1294 3617; x_wconf 82' lang='lat' dir='ltr'>Quint.</span> <span class='ocrx_word' id='word_1_320' title='bbox 1311 3549 1343 3607; x_wconf 91' lang='lat' dir='ltr'>X</span> <span class='ocrx_word' id='word_1_321' title='bbox 1359 3549 1388 3621; x_wconf 87' lang='lat'>5,</span> <span class='ocrx_word' id='word_1_322' title='bbox 1403 3549 1453 3608; x_wconf 90' lang='lat'>18.</span> 
     </span>
     <span class='ocr_line' id='line_1_34' title="bbox 256 3640 1457 3724; baseline 0.006 -25"><span class='ocrx_word' id='word_1_323' title='bbox 256 3640 393 3700; x_wconf 89' lang='lat' dir='ltr'>—nibil</span> <span class='ocrx_word' id='word_1_324' title='bbox 416 3641 548 3715; x_wconf 86' lang='lat' dir='ltr'>humile,</span> <span class='ocrx_word' id='word_1_325' title='bbox 571 3642 657 3702; x_wconf 91' lang='lat' dir='ltr'>nihil</span> <span class='ocrx_word' id='word_1_326' title='bbox 680 3643 854 3704; x_wconf 84' lang='lat' dir='ltr'>abiectum:</span> <span class='ocrx_word' id='word_1_327' title='bbox 892 3645 969 3702; x_wconf 86' lang='lat' dir='ltr'>This</span> <span class='ocrx_word' id='word_1_328' title='bbox 996 3645 1183 3704; x_wconf 87' lang='lat' dir='ltr'>collocation</span> <span class='ocrx_word' id='word_1_329' title='bbox 1207 3645 1234 3704; x_wconf 91' lang='lat' dir='ltr'>is</span> <span class='ocrx_word' id='word_1_330' title='bbox 1259 3646 1347 3724; x_wconf 92' lang='lat' dir='ltr'>quite</span> <span class='ocrx_word' id='word_1_331' title='bbox 1373 3666 1457 3706; x_wconf 90' lang='lat' dir='ltr'>com-</span> 
     </span>
     <span class='ocr_line' id='line_1_35' title="bbox 257 3737 1459 3822; baseline 0.011 -27"><span class='ocrx_word' id='word_1_332' title='bbox 257 3758 338 3809; x_wconf 91' lang='lat' dir='ltr'>mon,</span> <span class='ocrx_word' id='word_1_333' title='bbox 355 3757 381 3796; x_wconf 89' lang='grc'>0.</span> <span class='ocrx_word' id='word_1_334' title='bbox 396 3758 422 3813; x_wconf 82' lang='lat' dir='ltr'>g.</span> <span class='ocrx_word' id='word_1_335' title='bbox 441 3737 504 3797; x_wconf 84' lang='lat' dir='ltr'>Cic.</span> <span class='ocrx_word' id='word_1_336' title='bbox 521 3738 560 3796; x_wconf 87' lang='lat' dir='ltr'>de</span> <span class='ocrx_word' id='word_1_337' title='bbox 575 3737 627 3796; x_wconf 88' lang='lat' dir='ltr'>fin.</span> <span class='ocrx_word' id='word_1_338' title='bbox 642 3738 669 3795; x_wconf 84' lang='lat' dir='ltr'>V</span> <span class='ocrx_word' id='word_1_339' title='bbox 685 3739 734 3810; x_wconf 89' lang='grc'>20,</span> <span class='ocrx_word' id='word_1_340' title='bbox 751 3738 790 3796; x_wconf 82' lang='grc'>57</span> <span class='ocrx_word' id='word_1_341' title='bbox 813 3739 897 3796; x_wconf 81' lang='lat' dir='ltr'>nihil</span> <span class='ocrx_word' id='word_1_342' title='bbox 918 3741 1074 3814; x_wconf 79' lang='lat' dir='ltr'>abiectum,</span> <span class='ocrx_word' id='word_1_343' title='bbox 1089 3743 1174 3801; x_wconf 73' lang='lat' dir='ltr'>nihil</span> <span class='ocrx_word' id='word_1_344' title='bbox 1190 3745 1307 3803; x_wconf 74' lang='lat' dir='ltr'>humile</span> <span class='ocrx_word' id='word_1_345' title='bbox 1321 3747 1459 3822; x_wconf 63' lang='lat' dir='ltr'>coquant</span> 
     </span>
     <span class='ocr_line' id='line_1_36' title="bbox 257 3836 1456 3922; baseline 0.009 -27"><span class='ocrx_word' id='word_1_346' title='bbox 257 3842 342 3896; x_wconf 77' lang='lat' dir='ltr'>Orat.</span> <span class='ocrx_word' id='word_1_347' title='bbox 360 3838 410 3908; x_wconf 72' lang='lat'>57,</span> <span class='ocrx_word' id='word_1_348' title='bbox 427 3837 487 3894; x_wconf 85' lang='grc'>192</span> <span class='ocrx_word' id='word_1_349' title='bbox 510 3836 662 3894; x_wconf 89' lang='lat' dir='ltr'>humilem</span> <span class='ocrx_word' id='word_1_350' title='bbox 685 3842 717 3894; x_wconf 86' lang='lat' dir='ltr'>ct</span> <span class='ocrx_word' id='word_1_351' title='bbox 739 3836 893 3896; x_wconf 87' lang='lat' dir='ltr'>abiectam</span> <span class='ocrx_word' id='word_1_352' title='bbox 916 3838 1091 3897; x_wconf 83' lang='lat' dir='ltr'>orationem</span> <span class='ocrx_word' id='word_1_353' title='bbox 1128 3841 1199 3900; x_wconf 86' lang='lat' dir='ltr'>Seu.</span> <span class='ocrx_word' id='word_1_354' title='bbox 1216 3842 1253 3901; x_wconf 78' lang='lat' dir='ltr'>cle</span> <span class='ocrx_word' id='word_1_355' title='bbox 1271 3843 1318 3903; x_wconf 87' lang='lat' dir='ltr'>ira</span> <span class='ocrx_word' id='word_1_356' title='bbox 1333 3844 1387 3903; x_wconf 93' lang='grc' dir='ltr'>ΙΙΙ</span> <span class='ocrx_word' id='word_1_357' title='bbox 1403 3848 1456 3922; x_wconf 91' lang='grc'>32,</span> 
     </span>
     <span class='ocr_line' id='line_1_37' title="bbox 255 3934 1456 4014; baseline 0.008 -20"><span class='ocrx_word' id='word_1_358' title='bbox 255 3937 274 3994; x_wconf 89' lang='grc'><strong>3</strong></span> <span class='ocrx_word' id='word_1_359' title='bbox 302 3935 409 3994; x_wconf 89' lang='lat' dir='ltr'>videre</span> <span class='ocrx_word' id='word_1_360' title='bbox 436 3954 529 4011; x_wconf 91' lang='lat' dir='ltr'>quarn</span> <span class='ocrx_word' id='word_1_361' title='bbox 556 3934 690 3994; x_wconf 89' lang='lat' dir='ltr'>humilia</span> <span class='ocrx_word' id='word_1_362' title='bbox 715 3941 747 3993; x_wconf 89' lang='lat' dir='ltr'>et</span> <span class='ocrx_word' id='word_1_363' title='bbox 773 3936 894 3994; x_wconf 81' lang='lat' dir='ltr'>abiecta</span> <span class='ocrx_word' id='word_1_364' title='bbox 919 3936 984 3994; x_wconf 87' lang='lat' dir='ltr'>sint</span> <span class='ocrx_word' id='word_1_365' title='bbox 1024 3938 1129 4007; x_wconf 86' lang='lat' dir='ltr'>Quint.</span> <span class='ocrx_word' id='word_1_366' title='bbox 1146 3940 1237 4014; x_wconf 81' lang='lat' dir='ltr'>1V1,</span> <span class='ocrx_word' id='word_1_367' title='bbox 1254 3943 1293 4001; x_wconf 88' lang='grc'>14</span> <span class='ocrx_word' id='word_1_368' title='bbox 1316 3942 1456 4008; x_wconf 91' lang='lat' dir='ltr'>humiles</span> 
     </span>
     <span class='ocr_line' id='line_1_38' title="bbox 257 4034 1455 4124; baseline 0.008 -32"><span class='ocrx_word' id='word_1_369' title='bbox 257 4035 458 4110; x_wconf 85' lang='lat' dir='ltr'>abiectosque</span> <span class='ocrx_word' id='word_1_370' title='bbox 496 4035 547 4094; x_wconf 83' lang='lat' dir='ltr'>Ps.</span> <span class='ocrx_word' id='word_1_371' title='bbox 572 4034 678 4103; x_wconf 88' lang='lat' dir='ltr'>Quint.</span> <span class='ocrx_word' id='word_1_372' title='bbox 703 4034 899 4104; x_wconf 83' lang='grc'><strong>1)001.15,2</strong></span> <span class='ocrx_word' id='word_1_373' title='bbox 930 4036 1071 4096; x_wconf 80' lang='lat' dir='ltr'>Lactarrt.</span> <span class='ocrx_word' id='word_1_374' title='bbox 1096 4039 1175 4097; x_wconf 91' lang='lat' dir='ltr'>Inst.</span> <span class='ocrx_word' id='word_1_375' title='bbox 1199 4040 1227 4099; x_wconf 88' lang='lat' dir='ltr'>V</span> <span class='ocrx_word' id='word_1_376' title='bbox 1250 4041 1298 4113; x_wconf 84' lang='lat'>15,</span> <span class='ocrx_word' id='word_1_377' title='bbox 1322 4042 1350 4101; x_wconf 92' lang='grc'>8.</span> <span class='ocrx_word' id='word_1_378' title='bbox 1396 4045 1455 4124; x_wconf 86' lang='lat' dir='ltr'>Cp.</span> 
     </span>
     <span class='ocr_line' id='line_1_39' title="bbox 256 4133 1457 4213; baseline 0.011 -21"><span class='ocrx_word' id='word_1_379' title='bbox 256 4133 455 4204; x_wconf 83' lang='lat' dir='ltr'>Tlrielmann,</span> <span class='ocrx_word' id='word_1_380' title='bbox 479 4134 594 4191; x_wconf 80' lang='lat' dir='ltr'>Archiv</span> <span class='ocrx_word' id='word_1_381' title='bbox 617 4133 663 4192; x_wconf 91' lang='lat' dir='ltr'>IV</span> <span class='ocrx_word' id='word_1_382' title='bbox 685 4134 745 4192; x_wconf 84' lang='lat'>552</span> <span class='ocrx_word' id='word_1_383' title='bbox 762 4133 793 4191; x_wconf 84' lang='lat' dir='ltr'>ff.</span> <span class='ocrx_word' id='word_1_384' title='bbox 848 4134 887 4193; x_wconf 86' lang='lat' dir='ltr'>So</span> <span class='ocrx_word' id='word_1_385' title='bbox 913 4134 1069 4213; x_wconf 87' lang='lat' dir='ltr'>similarly</span> <span class='ocrx_word' id='word_1_386' title='bbox 1094 4156 1119 4196; x_wconf 92' lang='grc'><strong>0.</strong></span> <span class='ocrx_word' id='word_1_387' title='bbox 1143 4138 1207 4197; x_wconf 88' lang='lat'>811</span> <span class='ocrx_word' id='word_1_388' title='bbox 1235 4141 1395 4202; x_wconf 84' lang='lat' dir='ltr'>sordidius</span> <span class='ocrx_word' id='word_1_389' title='bbox 1422 4151 1457 4205; x_wconf 84' lang='lat' dir='ltr'>et</span> 
     </span>
     <span class='ocr_line' id='line_1_40' title="bbox 255 4232 1456 4312; baseline 0.009 -20"><span class='ocrx_word' id='word_1_390' title='bbox 255 4232 418 4304; x_wconf 84' lang='lat' dir='ltr'>abiectius,</span> <span class='ocrx_word' id='word_1_391' title='bbox 445 4232 549 4291; x_wconf 88' lang='lat' dir='ltr'>where</span> <span class='ocrx_word' id='word_1_392' title='bbox 577 4251 628 4290; x_wconf 83' lang='lat' dir='ltr'>see</span> <span class='ocrx_word' id='word_1_393' title='bbox 655 4234 849 4292; x_wconf 74' lang='lat' dir='ltr'>note-On</span> <span class='ocrx_word' id='word_1_394' title='bbox 875 4233 928 4293; x_wconf 89' lang='lat' dir='ltr'>the</span> <span class='ocrx_word' id='word_1_395' title='bbox 954 4235 1123 4312; x_wconf 86' lang='lat' dir='ltr'>anaphora,</span> <span class='ocrx_word' id='word_1_396' title='bbox 1147 4237 1187 4296; x_wconf 88' lang='lat' dir='ltr'>cf.</span> <span class='ocrx_word' id='word_1_397' title='bbox 1211 4257 1236 4297; x_wconf 92' lang='grc'>0.</span> <span class='ocrx_word' id='word_1_398' title='bbox 1260 4239 1456 4303; x_wconf 74' lang='grc'><strong>2214011111</strong></span> 
     </span>
     <span class='ocr_line' id='line_1_41' title="bbox 255 4331 1018 4408; baseline 0.001 -16"><span class='ocrx_word' id='word_1_399' title='bbox 255 4349 432 4408; x_wconf 86' lang='lat' dir='ltr'>excerpere,</span> <span class='ocrx_word' id='word_1_400' title='bbox 449 4331 529 4388; x_wconf 89' lang='lat' dir='ltr'>nihil</span> <span class='ocrx_word' id='word_1_401' title='bbox 546 4331 664 4390; x_wconf 85' lang='lat' dir='ltr'>referre</span> <span class='ocrx_word' id='word_1_402' title='bbox 682 4332 782 4407; x_wconf 86' lang='lat' dir='ltr'>possis</span> <span class='ocrx_word' id='word_1_403' title='bbox 799 4333 860 4391; x_wconf 86' lang='lat' dir='ltr'>aud</span> <span class='ocrx_word' id='word_1_404' title='bbox 877 4333 940 4392; x_wconf 87' lang='lat' dir='ltr'>Cic.</span> <span class='ocrx_word' id='word_1_405' title='bbox 956 4333 976 4392; x_wconf 95' lang='lat' dir='ltr'>l.</span> <span class='ocrx_word' id='word_1_406' title='bbox 993 4354 1018 4393; x_wconf 93' lang='grc'>0.</span> 
     </span>
    </p>
   </div>
   <div class='ocr_carea' id='block_1_6' title="bbox 0 0 1718 4912">
    <p class='ocr_par' dir='ltr' id='par_1_6' title="bbox 0 0 1718 4912">
     <span class='ocr_line' id='line_1_42' title="bbox 0 0 1718 4912; baseline 0 1"><span class='ocrx_word' id='word_1_407' title='bbox 0 0 1718 4912; x_wconf 95' lang='lat' dir='ltr'> </span> 
     </span>
    </p>
   </div>
  </div>
 </body>
</html>
