3428 4912
720 328 1004 381 rnornoomrna
1364 314 1464 379 lxxxi

260 517 286 556 6.
305 503 339 554 36
357 512 382 554 tt
412 504 517 568 magnis
545 503 683 554 cumulare
711 503 839 567 praemiis
888 504 990 553 61113
1007 502 1215 554 neccomitatus
1226 503 1464 567 lstosetegressas

296 587 477 638 ridebantur.
492 623 499 636 .
515 624 521 638 .
535 586 642 636 facilius
659 586 775 635 honores
792 586 839 636 ad-
922 592 970 636 aut
991 585 1172 648 frequentiam
1197 585 1375 636 salutantium
1400 601 1464 637 con-

296 671 519 732 sequebantur..
536 669 585 719 Ι111
606 669 738 719 clientelis
756 669 838 719 etiam
921 670 1029 732 cupisoo
1055 683 1110 719 non
1136 670 1222 734 magis
1246 683 1326 732 quam
1350 683 1414 720 aera
1435 674 1465 720 et

297 760 452 817 exterarum
482 752 624 802 nationum
649 751 839 802 redundabant
922 753 1052 817 lmaglnes

297 841 349 886 etc.

263 1016 287 1052 6.
302 1001 361 1051 364
385 1015 454 1064 quae
477 1002 626 1064 composita
647 1007 675 1051 et
697 1002 789 1066 quieta
811 1008 839 1052 et
888 1017 911 1054 c.
921 1004 973 1053 411
987 1003 1059 1066 quod
1068 1007 1190 1066 superest
1198 1002 1303 1065 antiqui
1312 1003 1464 1054 oratoribus

299 1086 380 1135 beata
404 1099 433 1134 re
459 1085 567 1147 publica
592 1085 674 1135 tribui
700 1085 742 1135 ias
769 1090 835 1135 erat.
922 1086 975 1135 lori
997 1101 1053 1136 non
1073 1086 1233 1136 emendatae
1254 1100 1303 1136 nec
1324 1100 1408 1149 usque
1427 1086 1463 1137 ad

298 1169 369 1218 3816
386 1168 608 1219 omniainioro.
624 1205 631 1218 .
647 1203 653 1218 .
669 1169 740 1231 quod
753 1169 840 1219 maius
923 1176 1014 1219 votum
1043 1169 1207 1232 compositae
1238 1169 1356 1220 civitatis
1385 1182 1464 1232 argu-

299 1258 488 1316 argumentum
500 1259 542 1301 est
923 1257 1044 1301 mentum
1062 1258 1103 1302 est

267 1432 289 1468 6.
304 1419 362 1469 361
379 1418 549 1469 moderatore
561 1432 617 1469 uno
628 1419 836 1469 carentibus...
889 1417 1032 1469 641111.
1053 1419 1117 1480 quld
1135 1417 1228 1468 multis
1245 1418 1316 1482 apud
1334 1417 1463 1481 populum

300 1502 362 1552 111116
377 1503 517 1552 contiones
532 1503 737 1565 magistratuum
754 1514 839 1565 paene
923 1502 1103 1562 contionibus,
1117 1514 1179 1551 oum
1193 1539 1198 1551 .
1212 1515 1306 1551 ..non
1318 1501 1397 1550 multi
1409 1537 1415 1550 .
1431 1537 1437 1550 .
1453 1538 1460 1551 .

300 1586 517 1648 pernoctantium
537 1586 565 1634 in
583 1586 677 1636 rostris
695 1593 745 1635 etc.
782 1585 838 1634 401
923 1585 1073 1635 deliberent
1106 1585 1153 1635 sed
1189 1585 1403 1648 sapientissimus
1436 1589 1464 1633 et

300 1669 440 1719 contiones
468 1669 598 1718 adsiduae
624 1676 651 1718 et
676 1668 770 1718 datum
799 1667 841 1717 ius
923 1669 1014 1718 unus?
1032 1668 1097 1732 quid
1112 1669 1272 1719 voluntariis
1288 1667 1465 1718 accusationi·

300 1751 517 1814 potentissimum
531 1764 664 1814 quemque
675 1750 793 1801 vexandi
809 1749 837 1800 11.
923 1752 974 1802 bus
1007 1752 1040 1800 40
1053 1760 1076 1800 21
1102 1750 1177 1802 nulla
1199 1751 1368 1814 superiorum
1391 1763 1465 1800 reve·

923 1834 1019 1885 1611ιί1.

269 2013 291 2050 6.
304 2001 337 2050 36
348 2009 374 2050 aa
385 1999 413 2051 11.
428 2014 491 2050 cum
506 2014 603 2064 parum
618 2006 689 2051 esset
703 2000 731 2050 in
744 2005 842 2050 senatu
891 2015 914 2051 6.
928 2001 998 2050 4114
1017 2000 1083 2064 quid
1100 2000 1172 2049 enim
1191 2014 1258 2063 opus
1275 2004 1317 2050 est
1332 1998 1419 2063 longh
1435 1998 1465 2049 iu

300 2084 419 2134 breviter
433 2097 542 2133 censere
924 2090 1020 2133 senatu
1036 2084 1177 2133 sententiis

265 2262 290 2299 6.
304 2249 375 2299 3116
396 2249 487 2313 plures
509 2255 601 2299 tamen
621 2251 708 2299 bonos
729 2248 843 2312 proella·
891 2249 998 2300 64611
1021 2249 1083 2297 tulit
1105 2249 1163 2298 sine
1186 2248 1270 2298 dubio
1288 2247 1465 2298 valentiorem

300 2340 374 2382 tores
390 2331 462 2382 bella
479 2347 560 2396 quam
577 2346 632 2395 pax
650 2332 743 2382 ierunt
925 2332 1105 2395 eloquentiam

261 2510 291 2548 e.
302 2498 367 2547 3611
386 2499 449 2548 hinc
461 2512 602 2561 procerum
614 2498 747 2549 166ιί61166
757 2504 785 2548 6ι
796 2499 844 2550 ad·
891 2513 915 2551 6.
929 2500 962 2549 40
973 2507 998 2546 al
1017 2498 1092 2548 nrrlla
1110 2497 1164 2547 iuit
1182 2498 1210 2546 in
1229 2497 1289 2548 ioro
1309 2511 1371 2560 pax,
1391 2496 1467 2547 nulla

301 2581 380 2631 sidua
391 2581 519 2631 adversus
531 2581 636 2644 plebem
648 2583 796 2632 certamina
886 2620 889 2628 .
926 2583 955 2632 in
971 2589 1069 2632 senatu
1086 2581 1230 2631 concordia

254 2758 290 2796 e.
305 2747 337 2797 33
350 2757 363 2796 a
375 2746 403 2796 11.
418 2761 499 2797 nemo
512 2748 584 2798 intra
596 2748 771 2810 paucissimas
784 2761 844 2811 per-
892 2763 915 2799 6.
930 2749 961 2799 41
974 2757 1000 2797 ιι
1012 2748 1031 2799 1.
1051 2747 1126 2798 nulla
1145 2748 1173 2797 in
1192 2747 1298 2797 iudiciis
1316 2746 1467 2796 moderatio

302 2844 379 2880 orare
396 2831 494 2880 horas.
510 2868 516 2880 .
533 2869 539 2881 .
554 2832 665 2880 modum
683 2831 711 2880 in
728 2830 843 2880 dicendo
927 2831 1083 2882 ...nullus
1100 2831 1308 2894 magistratuum
1325 2830 1422 2879 modus

301 2914 353 2963 sibi
364 2914 476 2976 quisque
488 2915 612 2964 sumebat
634 2913 728 2965 39111.
743 2919 785 2963 est
796 2914 844 2964 all-

302 2997 362 3060 quis
388 3003 526 3046 oratorum
553 3011 687 3061 campus.
709 3010 843 3061 ..saepe

303 3080 451 3143 interrogat
469 3080 551 3130 index
568 3088 618 3130 etc.

255 3256 292 3294 e.
307 3244 413 3295 371611.
435 3260 504 3309 quae
524 3246 596 3296 mala
614 3248 684 3296 sicut
701 3261 757 3296 non
776 3247 844 3296 acci-
894 3263 916 3298 c.
927 3248 995 3297 4025
1006 3260 1056 3296 nec
1067 3246 1139 3296 tanti
1149 3245 1189 3296 rei
1200 3245 1323 3308 publicae
1334 3245 1468 3297 Graccho·

303 3329 366 3378 dere
379 3329 474 3378 melius
485 3336 527 3378 est
538 3330 612 3391 isque
624 3329 742 3391 optimus
752 3329 844 3379 civita·
928 3344 988 3379 rum
1006 3328 1159 3392 eloquentia
1175 3328 1228 3377 tuit
1244 3333 1275 3378 ut
1290 3334 1427 3391 pateretur
1440 3334 1468 3377 et

303 3412 437 3462 tiastatus
448 3413 588 3462 habendus
600 3413 627 3461 111
640 3426 693 3475 quo
707 3413 774 3461 nihil
791 3413 844 3463 tale
928 3412 999 3476 leges
1018 3427 1068 3462 nec
1089 3413 1157 3461 bene
1177 3412 1278 3462 iarnam
1299 3411 1468 3475 eloquentiae

303 3496 430 3558 patimur,
445 3496 484 3545 ita
498 3510 560 3545 curn
576 3497 738 3557 acciderent,
753 3497 845 3560 ingen·
929 3496 1022 3547 Cicero
1039 3495 1088 3546 tali
1106 3496 1183 3545 exitu
1201 3495 1331 3558 pensavit.

303 3584 359 3627 tem
375 3578 543 3641 eloquentiae
559 3580 700 3629 materiam
716 3580 845 3629 submini-

303 3662 446 3711 strabant.
462 3699 468 3710 .
484 3697 491 3710 .
506 3676 561 3711 non
584 3663 648 3724 quia
670 3663 741 3712 tanti
763 3663 846 3713 luerit

303 3749 355 3794 etc.

313 3860 359 3918 Το
374 3879 428 3938 my
443 3860 541 3933 mind,
553 3860 643 3920 these
658 3880 826 3921 numerous
842 3860 1088 3921 contradictione
1104 3861 1167 3920 and
1182 3859 1377 3938 repetitions,
1390 3858 1469 3919 with

263 3959 357 4018 their
375 3959 541 4037 polemical
560 3959 730 4035 additions,
746 3980 799 4021 are
822 3962 910 4039 quite
933 3959 1157 4037 incompatible
1180 3959 1259 4018 with
1280 3959 1334 4018 the
1357 3978 1470 4037 suppo

267 4058 369 4117 sition
392 4057 464 4118 that
486 4060 651 4119 Maternus
675 4060 702 4119 is
725 4061 779 4120 the
802 4061 936 4139 speaker
958 4058 1161 4135 throughout,
1177 4059 1240 4118 and
1259 4059 1324 4119 this
1343 4078 1415 4137 may
1430 4059 1469 4118 bs

268 4158 399 4217 further
417 4158 528 4217 shown
545 4160 588 4238 by
603 4179 688 4220 some
704 4181 789 4221 more
806 4162 932 4238 general
948 4161 1205 4239 consideratione.

314 4258 353 4316 In
369 4257 424 4316 the
440 4258 510 4318 first
524 4259 623 4337 place,
639 4259 694 4320 the
710 4260 785 4337 high
801 4261 915 4340 eulogy
929 4261 1035 4320 which
1049 4261 1076 4320 is
1093 4260 1262 4337 indirectly
1278 4259 1352 4337 paid
1366 4265 1400 4319 to
1414 4257 1469 4317 the

272 4363 394 4416 orators
410 4357 445 4416 of
462 4357 517 4417 the
533 4359 698 4437 Republio‚
713 4361 768 4420 the
790 4360 915 4420 intense
937 4359 1128 4421 admiration
1150 4360 1200 4419 for
1221 4358 1306 4419 their
1327 4357 1470 4436 superior
