3450 4912
833 343 863 393 c.
883 343 907 392 o.
1391 322 1457 388 125

302 510 346 570 25
366 511 558 588 Vupsiui
574 510 820 572 ntundnan:
843 509 928 567 Suet
946 508 1040 587 Vesp.
1057 511 1096 569 18
1112 510 1134 569 f.
1180 510 1313 588 ingenia
1327 519 1359 571 et
1374 521 1459 573 artes

261 609 314 669 vel
337 609 475 669 maxime
497 609 589 670 fovit
633 608 761 667 Primus
782 627 800 666 0
822 606 897 666 fisco
919 608 1045 667 Latinis
1067 609 1257 687 Graecisque
1280 612 1459 672 rhetoribus

260 728 368 769 annua
392 715 525 768 centena
549 707 725 768 coustituit
769 707 974 767 Praestantes
993 717 1104 784 poetas
1118 730 1175 770 nec
1190 731 1253 770 non
1268 718 1302 771 et
1322 712 1460 772 artifices

261 810 344 870 Coae
359 808 503 882 Veneris,
518 808 596 867 item
611 806 734 868 Colossi
756 807 943 867 refectorem
961 807 1080 883 insigni
1102 809 1262 884 congiario
1285 830 1460 890 magnaque

261 910 404 969 mercede
426 907 675 968 donavit-On
700 906 756 966 the
779 905 958 985 proverbial
984 913 1116 984 poverty
1139 908 1175 966 of
1197 915 1297 985 poeto,
1317 930 1369 970 sec
1391 931 1417 971 e.
1431 933 1459 989 g.

261 1009 344 1068 01111
370 1009 466 1068 Trist
490 1009 539 1068 IV
560 1009 611 1082 10,
632 1009 672 1068 21
698 1026 792 1086 saepe
821 1013 913 1086 pater
934 1008 1035 1067 dixit:
1065 1008 1220 1068 ‘studium
1246 1010 1323 1088 quid
1346 1011 1460 1071 inutile

260 1110 430 1184 temptas?
448 1109 453 1191 Ι
472 1109 657 1168 Maeonides
672 1107 776 1168 nullas
793 1108 862 1186 ipse
880 1107 1011 1186 reliquit
1028 1109 1124 1185 opes)
1168 1110 1294 1169 Petron.
1310 1111 1351 1170 83
1367 1111 1459 1187 'ego'

261 1208 368 1285 inquit
382 1207 495 1285 ‘poeta
509 1209 614 1267 sum'.
630 1254 638 1267 .
655 1254 662 1267 .
679 1207 789 1286 ‘quare
805 1209 898 1286 ergo'
914 1208 1021 1286 inquis
1037 1208 1120 1267 ‘tam
1136 1209 1217 1268 male
1233 1210 1369 1268 vestitus
1384 1211 1460 1270 es?’

261 1314 410 1386 ‘propter
438 1307 498 1367 hoc
527 1307 640 1386 ipsum.
695 1309 794 1366 Amor
819 1307 939 1385 ingenii
970 1308 1127 1367 nemiuem
1153 1328 1302 1386 umquam
1327 1309 1460 1369 divitem

261 1408 360 1467 facit’
405 1408 501 1466 Mart
526 1407 543 1465 1
565 1409 615 1480 76,
638 1409 658 1466 5
683 1407 760 1484 quid
784 1407 867 1485 petis
890 1427 910 1467 a
931 1408 1086 1467 Phoebo?
1107 1427 1250 1466 nummos
1272 1408 1368 1468 habet
1389 1428 1461 1469 arca

261 1509 409 1567 Minerva
427 1507 432 1591 Ι
451 1507 528 1567 haec
543 1507 637 1586 sapit,
653 1507 730 1566 haec
745 1525 853 1566 omnes
868 1508 992 1566 fenerat
1006 1527 1069 1567 uua
1083 1509 1158 1567 deos
1171 1509 1208 1566 11
1222 1509 1300 1585 quid
1314 1508 1374 1567 tibi
1389 1528 1459 1568 cum

260 1607 409 1683 Cyrrha?
424 1608 504 1684 quid
514 1627 584 1666 cum
596 1606 795 1667 Permesside
807 1607 893 1666 unda
910 1605 915 1690 1
935 1608 1112 1666 Romanum
1123 1607 1253 1685 propius
1265 1607 1460 1686 divitiusque

261 1706 367 1764 forum
388 1712 447 1766 est.
496 1707 528 1765 X
551 1708 601 1779 76,
625 1708 645 1765 5
671 1707 826 1766 iucundus
850 1706 976 1784 probus,
1003 1706 1152 1766 innocens
1174 1707 1293 1766 amicus
1313 1706 1318 1791 Ι
1338 1707 1461 1784 Lingua

260 1806 373 1865 doetus
386 1813 521 1882 utraque
535 1805 625 1864 cuius
639 1824 737 1864 unum
752 1812 802 1865 est
814 1805 819 1889 Ι
832 1807 888 1865 sed
903 1824 1050 1882 magnum
1063 1806 1177 1865 vitium
1192 1807 1277 1884 quod
1291 1813 1340 1867 est
1352 1807 1458 1891 poeta!

260 1904 353 1964 Pallo
371 1905 517 1964 Maevius
532 1904 617 1981 alget
630 1904 666 1963 in
680 1904 811 1964 cucullo.
857 1905 1007 1966 1uv.vll
1024 1906 1135 1965 16-97.
1181 1907 1236 1983 Cp.
1253 1907 1461 1966 Friedlauder

261 2004 394 2064 111429
410 2004 443 2063 ff.
459 2005 530 2064 491.

302 2104 345 2162 26
366 2104 450 2181 quod
467 2104 629 2164 donasset:
654 2103 804 2180 Relating
820 2109 855 2162 to
871 2104 927 2163 the
946 2105 1087 2163 remarks
1102 2105 1192 2163 made
1208 2111 1242 2163 at
1255 2105 1311 2164 the
1326 2107 1403 2165 time
1418 2107 1460 2184 hy

265 2204 349 2280 Aper
370 2203 435 2261 and
456 2202 574 2275 others,
596 2202 695 2262 hence
717 2202 772 2261 the
794 2202 875 2280 subj.
921 2203 1073 2262 Η.1175
1095 2204 1180 2280 apud
1200 2204 1298 2264 bonos
1321 2205 1460 2264 invidiae

261 2301 326 2361 tuit
347 2302 454 2379 quod.
479 2348 485 2360 .
509 2301 664 2361 ‚fecisset
691 2302 774 2360 Anu.
802 2302 818 2360 I
842 2303 883 2360 52
905 2303 961 2361 sed
982 2303 1087 2378 quod.
1111 2349 1118 2360 .
1143 2303 1460 2380 .quaesivissent.-

261 2401 501 2479 indulgentiam
518 2402 858 2479 principis—mereri:
893 2402 972 2460 Stat.
1001 2402 1076 2460 Sile.
1104 2403 1184 2475 1⁹2,
1211 2404 1272 2462 125
1297 2423 1372 2481 ergo
1394 2425 1460 2481 age,

261 2519 336 2560 nam
358 2501 465 2577 magni
489 2501 578 2561 ducis
602 2500 802 2577 indulgentia
823 2499 939 2578 pulsat.
993 2501 1144 2561 Imitated
1169 2503 1211 2580 by
1237 2503 1306 2562 Iuv.
1330 2504 1396 2564 VII
1420 2506 1457 2563 21

262 2601 489 2678 materiamque
505 2600 567 2660 sibi
582 2600 671 2660 ducis
684 2600 884 2676 indulgentia
894 2601 1026 2678 quaerit.
1072 2601 1157 2660 Suet.
1170 2602 1234 2660 vit.
1247 2604 1267 2661 5
1282 2603 1461 2681 principum

262 2700 470 2776 indulgentia
515 2700 698 2778 Especially
712 2718 856 2759 common
877 2699 910 2757 in
929 2700 983 2758 the
1002 2719 1143 2777 younger
1158 2701 1255 2779 Pliny
1272 2703 1326 2784 (20
1341 2703 1459 2781 times).

262 2800 311 2861 cf.
328 2801 443 2878 hiayor
457 2799 478 2858 l.
492 2818 517 2858 0.
529 2799 546 2857 1
560 2801 600 2859 27
602 2801 631 2858 8.
644 2801 715 2859 439.
725 2799 888 2858 -mereri
906 2797 939 2856 iu
954 2799 1009 2857 the
1024 2818 1115 2857 seuse
1130 2800 1166 2858 of
1179 2800 1332 2878 ‘acquire
1342 2803 1460 2865 obtain.

262 2899 432 2976 consequi'
457 2899 485 2957 is
509 2918 587 2977 very
602 2917 744 2958 common
771 2898 805 2957 in
830 2899 902 2957 Tac.
936 2917 961 2956 e.
983 2918 1011 2973 g.
1034 2917 1059 2956 o.
1086 2900 1123 2958 31
1152 2908 1185 2956 23
1208 2900 1244 2959 G.
1268 2901 1462 2961 1410100111

263 2998 377 3057 mereri
392 3000 451 3074 Ag.
464 3000 485 3056 4
501 2997 579 3057 iram
596 2997 657 3058 Gai
684 2996 826 3058 Caesaris
849 2996 981 3055 meritus
1004 2997 1046 3054 H.
1063 2997 1097 3054 II
1112 2999 1278 3058 313760
1293 3000 1400 3059 11186
1416 3002 1461 3059 11·

263 3099 303 3156 34
330 3099 413 3156 Anu.
439 3097 639 3156 1281149
663 3096 711 3156 IV
731 3097 1044 3156 361'110141131
1070 3097 1166 3156 Xl'b
1189 3098 1266 3156 ΧΠ
1291 3101 1338 3157 15.
1383 3100 1462 3158 Also

264 3196 297 3254 in
311 3196 417 3256 Plaut.
434 3197 549 3255 Pseud.
567 3196 615 3254 IV
630 3199 659 3270 7,
675 3196 715 3254 95
731 3196 808 3271 quid
823 3198 950 3254 meres?
969 3196 1069 3254 l'arro
1090 3215 1138 3272 ap.
1153 3197 1234 3254 Xon.
1251 3217 1281 3275 p.
1298 3199 1368 3271 344,
1385 3199 1462 3257 then

191 3335 195 3341 -
265 3294 476 3372 occasionally
503 3295 536 3353 in
562 3295 627 3356 Cic.
653 3314 679 3354 e.
697 3315 724 3370 g.
752 3294 844 3353 Rosc.
873 3295 958 3353 Com.
988 3296 1037 3367 10,
1063 3295 1102 3353 28
1125 3295 1188 3353 aud
1211 3295 1244 3353 in
1266 3296 1352 3356 Caes.
1370 3297 1405 3354 B.
1423 3299 1460 3356 G.

266 3395 402 3469 1'15,2.

305 3496 346 3554 21·
369 3497 398 3554 si
415 3496 465 3556 it·
481 3512 531 3556 res
548 3495 722 3555 familiaris
739 3495 864 3571 exigat:
888 3494 954 3552 The
978 3512 1062 3551 same
1085 3493 1199 3570 phrase
1222 3494 1255 3552 in
1271 3495 1376 3564 Quint.
1392 3496 1461 3554 XII

268 3597 294 3667 7,
309 3597 329 3654 9
344 3594 372 3653 si
389 3614 439 3653 res
456 3593 624 3653 familiaris
640 3592 776 3671 amplius
792 3593 915 3670 aliquid
930 3593 970 3651 ad
984 3611 1060 3650 usus
1076 3593 1268 3651 necessarios
1284 3593 1397 3669 exigat.

306 3695 346 3754 28
370 3712 403 3755 se
420 3695 525 3771 ipsum
543 3695 661 3754 colere:
685 3695 731 3751 To
753 3693 892 3752 advance
914 3693 999 3752 one’s
1022 3711 1092 3750 own
1112 3690 1256 3750 material
1278 3692 1404 3751 fortune
1419 3694 1463 3772 hy

268 3812 350 3853 more
373 3794 527 3853 lucrative
542 3793 772 3870 employments
788 3793 867 3851 than
884 3799 1006 3870 poetar,
1023 3811 1106 3851 scas
1122 3798 1155 3850 1ο
1172 3792 1285 3849 render
1298 3793 1384 3851 one's
1401 3793 1464 3851 sell

269 3893 526 3971 independentol
540 3892 675 3971 princes'
689 3893 803 3951 tavers.
850 3892 916 3950 The
932 3897 1174 3951 crninneututors
1186 3910 1237 3948 err
1249 3890 1281 3948 iu
1298 3890 1464 3968 interpret

183 4052 188 4058 ,
270 3992 321 4069 ing
330 3994 386 4053 the
404 3994 516 4070 phrase
529 3999 563 4051 to
575 4011 666 4050 mean
682 3990 863 4068 ‘ingenium
878 3991 1017 4049 studiose
1033 3989 1196 4060 excolere‚’
1216 3990 1265 4048 for
1276 3990 1342 4050 this
1354 3991 1381 4050 is
1398 4011 1464 4068 pre-

270 4093 365 4171 cisely
380 4094 467 4152 what
483 4094 600 4151 Bassus
621 4092 678 4151 has
696 4091 774 4150 been
794 4091 889 4166 doing
908 4090 952 4148 all
972 4090 1022 4147 his
1043 4088 1108 4147 life.
1119 4126 1161 4134 -
1174 4090 1277 4166 Iluam
1295 4090 1322 4150 is
1337 4099 1393 4149 not
1408 4092 1462 4150 the

271 4193 371 4271 object
393 4193 427 4250 in
450 4191 631 4270 apposition
647 4197 682 4249 to
699 4210 739 4263 se,
758 4189 816 4249 but
831 4189 1036 4265 corresponds
1051 4194 1085 4246 to
1100 4187 1222 4247 ‘orator
1236 4207 1269 4248 se
1285 4190 1352 4268 ipse
1368 4190 1462 4250 colit'

271 4290 303 4350 iu
320 4292 377 4352 the
400 4292 501 4350 direct
522 4291 693 4364 discourse,
709 4307 744 4348 as
764 4287 903 4366 opposed
922 4293 956 4345 to
971 4288 1104 4345 Bassum
1119 4287 1332 4366 Vespasianus
1355 4280 1461 4348 doluit.
